@article{diffie1976new,
  title = {New directions in cryptography},
  author = {Diffie, Whitfield and Hellman, Martin E},
  journal = {{IEEE} Transactions on Information Theory},
  volume = {22},
  number = {6},
  pages = {644--654},
  year = 1976,
  publisher = {IEEE}
}

@misc{rfc2407,
  title={The {I}nternet {IP} security domain of interpretation for {ISAKMP}},
  author={Piper, D},
  year=1998,
  month=nov,
  howpublished={{IETF RFC 2407}}
}

@misc{rfc3279,
  title={Algorithms and Identifiers for the
                Internet {X}.509 Public Key Infrastructure
       Certificate and Certificate Revocation List ({CRL}) Profile},
  author={Polk, W and Housley, R and Bassham, L},
  year=2002,
  month=apr,
  howpublished={{IETF RFC 3279}}
}

@article{rfc2408,
  title={{I}nternet Security Association and Key Management Protocol {ISAKMP}},
  author={Maughan, Douglas and Schertler, Mark and Schneider, Mark and Turner, Jeff},
  year=1998,
  month=nov,
  howpublished={{IETF RFC 2408}}
}

@article{rfc2409,
  title={The {Internet Key Exchange} ({IKE})},
  author={Harkins, Dan and Carrel, Dave},
  year=1998,
  month=nov,
  howpublished={{IETF RFC 2409}}
}

@misc{rfc2412,
  title={The {O}akley Key Determination Protocol},
  author={Orman, H},
  year=1998,
  month=nov,
  howpublished={{IETF RFC 2412}}
}

@misc{rfc3526,
  title={More Modular Exponential ({MODP}) {D}iffie-{H}ellman groups for {Internet Key Exchange} ({IKE})},
  year=2003,
  month=may,
  author={Kivinen, Tero and Kojo, Markku},
  howpublished={{IETF RFC 3526}}
}

@misc{rfc3766,
  title={Determining Strengths For Public Keys Used For Exchanging Symmetric Keys},
  author={H., Orman and  Purple Streak Dev. and P., Hoffman and {VPN} Consortium},
  year=2004,
  month=apr,
  howpublished={{IETF RFC 3766}}
}

@misc{rfc4306,
    title={{Internet Key Exchange} ({IKEv2}) Protocol},
    author={Kaufman, C and others},
    year=2005,
    month=dec,
    howpublished={{IETF RFC 4306}}
}

@misc{rfc4253,
  title={The {S}ecure {S}hell ({SSH}) Transport Layer Protocol},
  author={T. Ylonen and C. Lonvick},
  year=2006,
  howpublished={{IETF RFC 4253}}
}

@misc{rfc5114,
  title={Additional {D}iffie-{H}ellman Groups for Use with IETF Standards},
  author={Lepinski, M and Kent, S},
  year=2008,
  howpublished={{IETF RFC 5114}}
}

@misc{rfc5246,
  title={The {T}ransport {L}ayer {S}ecurity ({TLS}) protocol},
  author={T. Dierks and E. Rescorla},
  year=2008,
  howpublished={{IETF RFC RFC5246}}
}


@misc{rfc6989,
  title={Additional {D}iffie-{H}ellman Tests
        for the {I}nternet {K}ey {E}xchange Protocol Version 2 ({IKEv2})},
  author={Sheffer, Y and Fluhrer, S},
  year=2013,
  howpublished={{IETF RFC 6989}}
}

@misc{rfc7296,
    title={{Internet Key Exchange} Protocol Version 2 ({IKEv2})},
    author={Kaufman, C. and Hoffman, P. and Nir, Y and Eronen, P. and Kivinen, T.},
    year=2014,
    month=oct,
    howpublished={{IETF RFC 7296}}
}

@misc{rfc7919,
    title={{Negotiated Finite Field Diffie-Hellman Ephemeral Parameters for Transport Layer Security (TLS)}},
    author={Gillmor, D.},
    year=2016,
    month=aug,
    howpublished={{IETF RFC 7919}}
}

@misc{tls-falsestart,
  title={{Transport Layer Security (TLS) False Start}},
  author={Langley, A. and Modaduga, N. and Moeller, B},
  year=2014,
  month=jun,
  howpublished={{IETF RFC} Draft}
}

@misc{nist-sp-800-57-rev2,
    title={{NIST} Special Publication 800-57 Part 1 (Revised)},
    author={Elaine Barker and William Barker and William Burr and William Polk and Miles Smid},
    year=2007,
    month=jan,
    note={\url{http://csrc.nist.gov/publications/nistpubs/800-57/sp800-57-Part1-revised2_Mar08-2007.pdf}}
}

@misc{nist-sp-800-57-rev4,
    title={{NIST} Special Publication 800-57 Part 1 Revision 4},
    author={Elaine Barker},
    year=2014,
    month=jan,
    note={\url{http://nvlpubs.nist.gov/nistpubs/SpecialPublications/NIST.SP.800-57pt1r4.pdf}}
}

@inproceedings{krawczyk1996skeme,
    title={{SKEME}: {A} versatile secure key exchange mechanism for internet},
    author={Krawczyk, Hugo},
    booktitle={Network and Distributed System Security Symposium},
    year=1996,
}

@InProceedings{Lim1997,
    author={Lim, Chae Hoon and Lee, Pil Joong},
    title={A key recovery attack on discrete log-based schemes using a prime order subgroup},
    booktitle={17th International Cryptology Conference}, 
    year=1997,
}

@InProceedings{Jager2015,
    author={Jager, Tibor and Schwenk, J{\"o}rg and Somorovsky, Juraj},
    title={Practical Invalid Curve Attacks on {TLS-ECDH}},
    booktitle={20th European Symposium on Research in Computer Security},
    year=2015,
}

@inproceedings{van1996diffie,
  title = {On {D}iffie-{H}ellman key agreement with short exponents},
  author = {Van Oorschot, Paul C and Wiener, Michael J},
  year = {1996},
  booktitle = {EUROCRYPT},
}

@inproceedings{Anderson1996,
    author={Anderson, Ross and Vaudenay, Serge},
    title={Minding your p's and q's},
    booktitle={ASIACRYPT},
    year=1996
}

@inproceedings{sloth,
    author={Karthikeyan Bhargavan and Gaetan Leurent},
    title={Transcript Collision Attacks: {B}reaking Authentication in {TLS}, {IKE}, and {SSH}},
    booktitle = {Network and Distributed System Security Symposium},
    year=2016
}

@inproceedings{conf/ndss/BhargavanDP15,
    author={Bhargavan, Karthikeyan and Delignat-Lavaud, Antoine and Pironti, Alfredo},
    booktitle={Network and Distributed System Security Symposium},
    title={Verified Contributive Channel Bindings for Compound Authentication},
    year=2015
}

@Article{barker2007sp,
  title={SP 800-56A. recommendation for pair-wise key establishment schemes using discrete logarithm cryptography (revised)},
  author={Barker, Elaine B and Johnson, Don and Smid, Miles E},
  year={2007},
  publisher={National Institute of Standards \& Technology}
}

@misc{esoft2016,
    title={Mail (MX) Server Survey},
    url={http://www.securityspace.com/s_survey/data/man.201601/mxsurvey.html},
    year=2016,
    month=February
}

@misc{nistffcsamples,
    title={Finite Field Cryptography based Samples},
    note={\url{http://csrc.nist.gov/groups/ST/toolkit/documents/Examples/KS_FFC_All.pdf}}
}

@misc{openssl-changelog-102,
    title={{OpenSSL} Changes},
    year=2015,
    month=Jan,
    note={\url{https://www.openssl.org/news/cl102.txt}}
}

@misc{openssl-secadv-subgroup,
    title={{OpenSSL} Security Advisory {[28th Jan 2016]}},
    year=2016,
    month=Jan,
    note={\url{https://www.openssl.org/news/secadv/20160128.txt}}
}

@misc{openssl-test-code,
    title={{OpenSSL} ssltest.c},
    year={2016},
    note={\url{https://github.com/openssl/openssl/blob/master/test/ssltest.c}}
}

@misc{cryptlib-fitted-curve,
    title={Cryptlib, kg\_dlp.c},
    author={Peter Gutmann},
    year={2010},
    note={\url{http://www.cypherpunks.to/~peter/cl343_beta.zip}}
}

@misc{botan-double,
    title={Botan},
    year={2016},
    note={\url{https://github.com/randombit/botan}}
}

@misc{odlyzko95,
    title={The future of integer factorization},
    author={Andrew M. Odlyzko},
    year=1995,
    month=Jul,
    note={\url{http://www.dtc.umn.edu/~odlyzko/doc/future.of.factoring.pdf}}
}

@misc{botan-comment,
    title={{Botan workfactor.h}},
    author={Jack LLyod},
    year=2015,
    month=Nov,
    note={\url{https://github.com/randombit/botan/blob/e3db054e582c676e6f2752e216fa03fa408b3dff/src/lib/pubkey/workfactor.h}}
}

@misc{chrome-to-openssl,
    title={{G}oogle dumps plans for {OpenSSL} in {C}hrome, takes own {B}oring road},
    author={Sean Gallagher},
    year=2014,
    month=Jul,
    note={\url{http://arstechnica.com/information-technology/2014/07/google-dumps-plans-for-openssl-in-chrome-takes-own-boring-road/}}
}

@misc{nss-overview,
    title={Overview of {NSS}},
    year=2015,
    month=Sep,
    note={\url{https://developer.mozilla.org/en-US/docs/Mozilla/Projects/NSS/Overview}}
}

@misc{nss-code-secret-not-one,
    title={{Mozilla} bug tracker},
    year=2015,
    month=Nov,
    note={\url{https://bugzilla.mozilla.org/show_bug.cgi?id=1160139}}
}


@misc{nss-line-of-code,
    title={{NSS dh.c}},
    note={\url{https://hg.mozilla.org/projects/nss/file/tip/lib/freebl/dh.c}}
}
	

@misc{genpkey,
    title={{OpenSSL} key generator utility},
    note={\url{https://wiki.openssl.org/index.php/Manual:Genpkey%281%29}}
}

@article{pollard1975monte,
  title = {A {M}onte {C}arlo method for factorization},
  author = {Pollard, John M.},
  journal = {BIT Numerical Mathematics},
  volume = {15},
  number = {3},
  pages = {331--334},
  year = {1975},
}

@incollection{shanks1971class,
  title={Class number, a theory of factorization, and genera.},
  author={Shanks, Daniel},
  booktitle={Symposia in Pure Math},
  volume=20,
  year=1969,
}

@article{pohlig1978improved,
  title={An improved algorithm for computing logarithms over $\mathrm{GF}(p)$ and its cryptographic significance},
  author={Pohlig, Stephen C. and Hellman, Martin E.},
  journal={{IEEE} Transactions on Information Theory},
  volume=24,
  number=1,
  year=1978
}

@article{Pollard2000,
    author={Pollard, M. J.},
    title={Kangaroos, {M}onopoly and Discrete Logarithms},
    journal={Journal of Cryptology},
    year=2000,
}

@article{gordon1993discrete,
  title={Discrete Logarithms in {$\mathrm{GF}(p)$} Using the Number Field Sieve},
  author={Gordon, Daniel M},
  journal={SIAM Journal of Discrete Math},
  year=1993,
}

@misc{dsa,
    title={{Digital Signature Standard (DSS)}},
    author={Kerry, Cameron F},
    year=2013,
    month=jul,
    howpublished={{FIPS PUB 186-4}}
}

@misc{gmp-ecm,
    author={{GMP-ECM Development Team}},
    title={{GMP-ECM}, An Implementation of the Elliptic Curve Method for Integer Factorization},
    note={\url{http://ecm.gforge.inria.fr/}},
    year=2016
}

@misc{rfc4419,
  title={{D}iffie-{H}ellman Group Exchange for the {S}ecure {S}hell ({SSH}) Transport Layer Protocol},
  author={M. Friedl and N. Provos and W. Simpson},
  year=2006,
  howpublished={{IETF RFC 4419}}
}


@inproceedings{weakdh-ccs15,
    author={David Adrian and Karthikeyan Bhargavan and Zakir Durumeric and Pierrick Gaudry and Matthew Green and J. Alex Halderman and Nadia Heninger and Drew Springall and Emmanuel Thom\'e and Luke Valenta and Benjamin VanderSloot and Eric Wustrow and Santiago Zanella-B\'eguelin and Paul Zimmermann},
    booktitle = {22nd {ACM} Conference on Computer and Communications Security},
    month=Oct,
    title={Imperfect Forward Secrecy: How {D}iffie-{H}ellman Fails in Practice},
    year=2015
}

@InProceedings{zmap,
    author = {Zakir Durumeric and Eric Wustrow and J. Alex Halderman},
    title = {{ZMap}: {F}ast {I}nternet-Wide Scanning and its Security Applications},
    booktitle = {22nd {USENIX} Security Symposium},
    month = aug,
    year = 2013
}

@InProceedings{weakkeys12,
    author = {{Nadia Heninger and Zakir Durumeric and Eric Wustrow and J. Alex Halderman}},
    title = {Mining Your {P}s and {Q}s: {D}etection of Widespread Weak Keys in Network Devices},
    booktitle = {21st {USENIX} Security Symposium},
    month = aug,
    year = 2012
}

@misc{dropbear,
    author={Matt, Johnston},
    title={{D}ropbear {SSH}},
    month=Dec,
    year=2015,
    note={\url{https://matt.ucc.asn.au/dropbear/dropbear.html}}
}

@misc{libtomcrypt,
    title={{LibTom} projects},
    year=2016,
    note={\url{http://www.libtom.net/}}
}

@misc{libtomcrypt-dh-comment,
    title={{LibTomCrypt dh.c}},
    author={Steffen, Jaeckel},
    month=Jan,
    year=2011,
    note={\url{https://github.com/libtom/libtomcrypt/commit/6fecec107db6fe8fc9b8d6621318a7792b489a12#diff-75821fba9ad02804e2581a2f282d0ffaR247}}
}

@misc{cve-2015-3240,
  title={{CVE}-2015-3240},
  howpublished={Available from MITRE, {CVE-ID} {CVE}-2015-3240.},
  month=aug,
  year=2015,
  note={\url{http://cve.mitre.org/cgi-bin/cvename.cgi?name=2015-3240}}
}

@misc{cve-2016-0701,
  title={{CVE}-2016-0701},
  howpublished={Available from MITRE, {CVE-ID} {CVE}-2016-0701.},
  month=jan,
  year=2016,
  note={\url{http://cve.mitre.org/cgi-bin/cvename.cgi?name=2016-0701}}
}

@misc{openswan,
    title={{Openswan}},
    year=2016,
    note={\url{https://www.openswan.org/}}
}

@misc{strongswan,
    title={{strongSwan}},
    year=2016,
    note={\url{https://www.strongswan.org/}}
}

@misc{freeswan,
    title={{FreeS/WAN}},
    year=2016,
    note={\url{http://www.freeswan.org/}}
}

@misc{libreswan,
    title={{Libreswan}},
    year=2016,
    note={\url{https://libreswan.org/}}
}

@misc{ssleay,
    title={{SSLeay}},
    author={Eric, Young},
    year=1995,
    note={\url{ftp://ftp.pl.vim.org/vol/rzm1/replay.old/libraries/SSL.eay/SSLeay-0.5.1a.tar.gz}}
}

@InProceedings{censys,
    author = {Zakir Durumeric and David Adrian and Ariana Mirian and Michael Bailey and J. Alex Halderman},
    title = {A Search Engine Backed by {I}nternet-Wide Scanning},
    booktitle = {22nd ACM Conference on Computer and Communications Security},
    month = oct,
    year = 2015
}

@misc{amazon-elb,
  title={{Amazon Elastic Load Balancer}},
  year=2016,
  note={\url{https://aws.amazon.com/elasticloadbalancing/}}
}

@misc{exim,
    title={{E}xim {I}nternet Mailer},
    year=2015,
    month=Jul,
    note={\url{http://www.exim.org/}}
}

@misc{exim-blog,
  title={{Exim TLS Security, DH and standard parameters}},
  year=2016,
  month=Oct,
  note={\url{https://lists.exim.org/lurker/message/20161008.231103.c70b2da8.en.html}}
}

@misc{exim-bug-report,
  title={{Bug 1837 - small subgroup attack}},
  year=2016,
  month=May,
  note={\url{https://bugs.exim.org/show_bug.cgi?id=1837}}
}


@misc{cryptoplusplus-work-factor,
    title={{Crypto++}},
    author={Jeffrey, Walton},
    year=2015,
    month=Nov,
    note={\url{https://github.com/weidai11/cryptopp/blob/48809d4e85c125814425c621d8d0d89f95405924/nbtheory.cpp#L1029}}
}

@InProceedings{mail-imc15,
    author = {Zakir Durumeric and David Adrian and Ariana Mirian and James Kasten and Kurt Thomas and Vijay Eranti and Nicholas Lidzborski and Elie Bursztein and Michael Bailey and J. Alex Halderman},
    title = {The {M}atter of {H}eartbleed},
    booktitle = {15th ACM Internet Measurement Conference},
    month = oct,
    year = 2015
}

@misc{dropbear-dh-gen,
    title={{Dropbear, common-kex.c}},
    author={Matt Johnston},
    year=2013,
    month=mar,
    note={\url{https://github.com/mkj/dropbear/commit/73e22c115c7aa5604c6a2135a5d2c1bc38161cb1#diff-c7d1444f8a953258f7725b6bfb73be37R552}}
}

@misc{paul-wouters,
    author={Paul Wouters},
    title={66\% of {VPN's} are not in fact broken},
    month=oct,
    year=2015,
    note={\url{https://nohats.ca/wordpress/blog/2015/10/17/66-of-vpns-are-not-in-fact-broken/}}
}

@misc{asanso-redacted,
  author={{REDACTED}},
  title={{OpenSSL Key Recovery Attack on DH small subgroups}},
  month=jan,
  year=2016,
  note={REDACTED}
}



@article{ferguson2000cryptographic,
    title={A cryptographic evaluation of {IP}sec},
    author={Ferguson, Niels and Schneier, Bruce},
    journal={Counterpane Internet Security, Inc},
    volume=3031,
    year=2000
}

@inproceedings{kcitls,
    title={Prying open {P}andora's box: {KCI} attacks against {TLS}},
    author={Hlauschek, Clemens and Gruber, Markus and Fankhauser, Florian and Schanes, Christian},
    booktitle={9th {USENIX} Workshop on Offensive Technologies ({WOOT} '15)},
    year=2015,
    month=aug
}

@article{aiello2004just,
  title={Just fast keying: Key agreement in a hostile internet},
  author={Aiello, William and Bellovin, Steven M and Blaze, Matt and Canetti, Ran and Ioannidis, John and Keromytis, Angelos D and Reingold, Omer},
  journal={ACM Transactions on Information and System Security (TISSEC)},
  volume={7},
  number={2},
  pages={242--273},
  year={2004},
  publisher={ACM}
}

@misc{safecurves,
    title={{SafeCurves}: choosing safe curves for elliptic-curve cryptography},
    author={Daniel J. Bernstein and Tanja Lange},
    year=2014,
    month=jan,
    note={\url{https://safecurves.cr.yp.to/}}
}

@inproceedings{Georgiev:2012:MDC:2382196.2382204,
 title={The Most Dangerous Code in the World: Validating {SSL} Certificates in Non-browser Software},
 author={Georgiev, Martin and Iyengar, Subodh and Jana, Suman and Anubhai, Rishita and Boneh, Dan and Shmatikov, Vitaly},
 booktitle={2012 ACM Conference on Computer and Communications Security},
 year=2012,
} 

@misc{tls13draft16,
    title={The {T}ransport {L}ayer {S}ecurity ({TLS}) Protocol Version 1.3 Draft 16},
    author={E. Rescorla},
    year=2016,
    month=Sep,
    howpublished={{IETF RFC} Draft}
}


@misc{tls13draftnewflows,
    title={{New Handshake Flows for TLS 1.3}},
    author={E. Rescorla},
    year=2014,
    month=feb,
    howpublished={{IETF RFC} Draft}
}

@misc{ciscogroup24,
  title={Security for {VPN}s with {IP}sec Configuration Guide},
  author={Cisco},
  year={2016},
  note={\url{http://www.cisco.com/c/en/us/td/docs/ios-xml/ios/sec_conn_vpnips/configuration/xe-3s/sec-sec-for-vpns-w-ipsec-xe-3s-book.html}},
 }
 
 @misc{junosgroup24,
  title={{VPN} Feature Guide for Security Devices},
  author={{Juniper TechLibrary}},
  year={2016},
  note={\url{http://www.juniper.net/documentation/en_US/junos15.1x49/topics/reference/configuration-statement/security-edit-dh-group.html}},
 }
 
 @misc{windowsgroup24,
  title={{VPN} Interoperability guide for {W}indows {S}erver 2012 {R}2},
  author={{Microsoft Windows Networking Team}},
  year={2014},
  note={\url{https://blogs.technet.microsoft.com/networking/2014/12/26/vpn-interoperability-guide-for-windows-server-2012-r2/}},
 }

@Article{Nguyen2002,
author="Nguyen
and Shparlinski",
title="The Insecurity of the Digital Signature Algorithm with Partially Known Nonces",
journal="Journal of Cryptology",
year="2002",
volume="15",
number="3",
pages="151--176",
issn="1432-1378",
doi="10.1007/s00145-002-0021-3",
url="http://dx.doi.org/10.1007/s00145-002-0021-3"
}

