
@InProceedings{yoo2003slurm,
    title={Slurm: Simple {L}inux utility for resource management},
    author={Yoo, Andy B and Jette, Morris A and Grondona, Mark},
    booktitle={Job Scheduling Strategies for Parallel Processing},
    pages={44--60},
    year={2003},
    organization={Springer}
}



@Misc{netcraft-heartbleed,
  Title                    = {Keys left unchanged in many {H}eartbleed replacement certificates!},

  Author                   = {Paul Mutton},
  Note                     = {Available at \url{http://news.netcraft.com/archives/2014/05/09/keys-left-unchanged-in-many-heartbleed-replacement-certificates.html}},
  Year                     = {2014},

  Journal                  = {Netcraft Ltd.},
}

@Misc{laurie2013certificate,
  Title                    = {Certificate transparency},

  Author                   = {Laurie, Ben and Langley, Adam and Kasper, Emilia}
}





@InProceedings{Zhang:2014:CSA:2660267.2660356,
  title = {Cross-Tenant Side-Channel Attacks in {PaaS} Clouds},
  author = {Zhang, Yinqian and Juels, Ari and Reiter, Michael K. and Ristenpart, Thomas},
  booktitle = {21st ACM Conference on Computer and Communications Security},
  year = 2014
}



@article{SnapStart,
  title                    = {Transport Layer Security ({TLS}) Snap Start},
  author                   = {Langley, A and others},
  journal                  = {draft-agl-tls-snapstart-00 (work in progress)},
  year                     = {2010}
}



@Misc{TLS1_3,
  author = {Eric Rescorla and others},
  title                    = {The Transport Layer Security ({TLS}) Protocol Version 1.3, draft},
  Url                      = {https://tools.ietf.org/html/draft-ietf-tls-tls13-11}
}



@inproceedings{PFS_earliest,
  title                    = {An identity-based key-exchange protocol},
  author                   = {G{\"u}nther, Christoph G},
  booktitle                = {Advances in Cryptology—Eurocrypt’89},
  pages                    = {29--37},
  year                     = {1990},
  organization             = {Springer}
}

@Misc{green2011snap,
  Url                      = {http://blog.cryptographyengineering.com/2011/12/whats-tls-snap-start.html}
}

@Misc{QUIC_deployment,
  title                    = {A {QUIC} update on Google's experimental transport},
  Url                      = {http://blog.chromium.org/2015/04/a-quic-update-on-googles-experimental.html}
}



@inproceedings{manger,
  title={A Chosen Ciphertext Attack on {RSA} Optimal Asymmetric Encryption Padding
({OAEP}) as Standardized in {PKCS} \#1 v2.0},
  booktitle={Advances in Cryptology - CRYPTO 2001, 21st Annual International
Cryptology Conference, Santa Barbara, California, USA, August 19-23, 2001,
Proceedings},
  series={Lecture Notes in Computer Science},
  publisher={Springer},
  volume={2139},
  pages={230-238},
  author={James Manger},
  year=2001
}

@inproceedings{DBLP:conf/esorics/JagerSS12,
  author    = {Tibor Jager and
               Sebastian Schinzel and
               Juraj Somorovsky},
  title     = {Bleichenbacher's Attack Strikes again: Breaking {PKCS}\#1 v1.5
               in {XML} Encryption},
  booktitle = {ESORICS 2012 - 17th European Symposium
               on Research in Computer Security, Pisa, Italy, September
               10-12, 2012},
  year      = {2012},
  pages     = {752-769},
  ee        = {http://dx.doi.org/10.1007/978-3-642-33167-1_43},
  bibsource = {DBLP, http://dblp.uni-trier.de}
}

@InProceedings{CCS:MVVP12,
  author = {Mavrogiannopoulos, Nikos and Vercauteren, Frederik and Velichkov, Vesselin and Preneel, Bart},
  title = {A cross-protocol attack on the {TLS} protocol},
  booktitle = {19th ACM Conference on Computer and Communications Security},
  year = 2012,
} 

@misc{tls13-draft,
  author="T. Dierks and E. Rescorla",
  title="{The Transport Layer Security ({TLS}) Protocol Version 1.3}",
  howpublished="draft-ietf-tls-tls13-07",
  publisher="IETF",
  organization="Internet Engineering Task Force",
  year=2015,
  month=jul,
  url="https://tools.ietf.org/html/draft-ietf-tls-tls13-07",
}

@book{bulletproofTLS,
  author={Ivan Ristić},
  title={Bulletproof SSL and TLS. Understanding and deploying SSL/TLS and PKI to secure servers and web applications},
  isbn="978-1907117046",
  publisher="Feisty Duck",
  year=2014,
  month=aug
}



@inproceedings{jager2013one,
  title={One Bad Apple: Backwards Compatibility Attacks on State-of-the-Art Cryptography.},
  author={Jager, Tibor and Paterson, Kenneth G and Somorovsky, Juraj},
    booktitle = {Network and Distributed System Security Symposium},
  year={2013}
}

@misc{opensslchangelog,
author={OpenSSL},
title = {Change log},
note={\url{https://www.openssl.org/news/changelog.html#x0}}
}

@inproceedings{Wang:2005:BMO:2154598.2154601,
 author = {Wang, Xiaoyun and Yu, Hongbo},
 title = {How to Break {MD5} and Other Hash Functions},
 booktitle = {24th Annual International Conference on Theory and Applications of Cryptographic Techniques},
 series = {EUROCRYPT'05},
 year = {2005},
 isbn = {3-540-25910-4, 978-3-540-25910-7},
 location = {Aarhus, Denmark},
 pages = {19--35},
 numpages = {17},
 url = {http://dx.doi.org/10.1007/11426639_2},
 doi = {10.1007/11426639_2},
 acmid = {2154601},
 publisher = {Springer-Verlag},
 address = {Berlin, Heidelberg},
} 

@Inbook{Stevens2009,
author="Stevens, Marc
and Sotirov, Alexander
and Appelbaum, Jacob
and Lenstra, Arjen
and Molnar, David
and Osvik, Dag Arne
and Weger, Benne",
editor="Halevi, Shai",
chapter="Short Chosen-Prefix Collisions for {MD5} and the Creation of a Rogue {CA} Certificate",
title="Advances in Cryptology - CRYPTO 2009: 29th Annual International Cryptology Conference, Santa Barbara, CA, USA, August 16-20, 2009. Proceedings",
year="2009",
publisher="Springer Berlin Heidelberg",
address="Berlin, Heidelberg",
pages="55--69",
isbn="978-3-642-03356-8",
doi="10.1007/978-3-642-03356-8_4",
url="http://dx.doi.org/10.1007/978-3-642-03356-8_4"
}

@Inbook{Fluhrer2001,
author="Fluhrer, Scott
and Mantin, Itsik
and Shamir, Adi",
editor="Vaudenay, Serge
and Youssef, Amr M.",
chapter="Weaknesses in the Key Scheduling Algorithm of {RC4}",
title="Selected Areas in Cryptography: 8th Annual International Workshop, SAC 2001 Toronto, Ontario, Canada, August 16--17, 2001 Revised Papers",
year="2001",
publisher="Springer Berlin Heidelberg",
address="Berlin, Heidelberg",
pages="1--24",
isbn="978-3-540-45537-0",
doi="10.1007/3-540-45537-X_1",
url="http://dx.doi.org/10.1007/3-540-45537-X_1"
}

@inproceedings {AlFardan,
author = {Nadhem AlFardan and Daniel J. Bernstein and Kenneth G. Paterson and Bertram Poettering and Jacob C. N. Schuldt},
title = {On the Security of {RC4} in {TLS}},
booktitle = {Presented as part of the 22nd USENIX Security Symposium},
year = {2013},
isbn = {978-1-931971-03-4},
address = {Washington, D.C.},
pages = {305--320},
url = {https://www.usenix.org/conference/usenixsecurity13/technical-sessions/paper/alFardan},
publisher = {USENIX},
}


@article{DBLP:journals/dcc/CremersF15,
	author    = {Cas J. F. Cremers and
	Michele Feltz},
	title     = {Beyond {eCK}: Perfect forward secrecy under actor compromise and ephemeral-key
	reveal},
	journal   = {Des. Codes Cryptography},
	volume    = {74},
	number    = {1},
	pages     = {183--218},
	year      = {2015},
	url       = {http://dx.doi.org/10.1007/s10623-013-9852-1},
	doi       = {10.1007/s10623-013-9852-1},
	timestamp = {Mon, 12 Jan 2015 13:22:25 +0100},
	biburl    = {http://dblp.uni-trier.de/rec/bib/journals/dcc/CremersF15},
	bibsource = {dblp computer science bibliography, http://dblp.org}
}






@misc{QUICDiscovery,
  title={{QUIC} Discovery},
  author={Ryan Hamilton},
  note={\url{https://docs.google.com/document/d/1i4m7DbrWGgXafHxwl8SwIusY2ELUe8WX258xt2LFxPM/edit#}}
}

@misc{GoogleStats,
  title={Google Search Statistics},
  note={\url{http://www.internetlivestats.com/google-search-statistics/}}
}

@misc{WikipediaStats,
  title={Page Views for {W}ikipedia, Both sites, Normalized},
  note={\url{https://stats.wikimedia.org/EN/TablesPageViewsMonthlyCombined.htm}}
}




@misc{ec2,
title={Amazon {EC2}},
key={amazon ec2},
note={\url{https://aws.amazon.com/ec2/}}
}

@misc{testssl,
title={{testssl.sh}},
note={\url{https://testssl.sh/}}
}

@misc{sslyze,
title={{SSLyze}},
note={\url{https://github.com/iSECPartners/sslyze}}
}

@misc{ssltest,
title={Qualys {SSL} Server Test},
note={\url{https://www.ssllabs.com/ssltest/}}
}

@InProceedings{zmap13,
    author = {Zakir Durumeric and Eric Wustrow and J. Alex Halderman},
    title = {{ZMap}: {F}ast {I}nternet-Wide Scanning and its Security Applications},
    booktitle = {22nd {USENIX} Security Symposium},
    month = aug,
    year = 2013
}

@inproceedings{Durumeric:2014:MH:2663716.2663755,
 author = {Durumeric, Zakir and Kasten, James and Adrian, David and Halderman, J. Alex and Bailey, Michael and Li, Frank and Weaver, Nicolas and Amann, Johanna and Beekman, Jethro and Payer, Mathias and Paxson, Vern},
 title = {The Matter of {H}eartbleed},
 booktitle = {14th Internet Measurement Conference},
 series = {IMC '14},
 year = {2014},
 isbn = {978-1-4503-3213-2},
 location = {Vancouver, BC, Canada},
 pages = {475--488},
 numpages = {14},
 url = {http://doi.acm.org/10.1145/2663716.2663755},
 doi = {10.1145/2663716.2663755},
 acmid = {2663755},
 publisher = {ACM},
 address = {New York, NY, USA},
 keywords = {heartbleed, internet-wide scanning, openssl, security},
}

@Misc{FalseStart,
  title={Transport layer security ({TLS}) false start},
  author={Langley, A and Modadugu, N and Moeller, B},
  journal={draft-bmoeller-tls-falsestart-00, June},
  volume={2},
  year={2010}
}

@article{BetterCrypto,
  title={Applied Crypto Hardening},
  author={Breyha, Wolfgang and Durvaux, David and Dussa, Tobias and Kaplan, L Aaron and Mendel, Florian and Mock, Christian and Koschuch, Manuel and Kriegisch, Adi and P{\"o}schl, Ulrich and Sabet, Ramin and others},
  year={2014}
}

@article{lll,
	Affiliation = {Mathematisch Centrum Kruislaan 413 NL-1098 SJ Amsterdam The Netherlands},
	Author = {Lenstra, A. K. and Lenstra, H. W. and Lov{\'a}sz, L.},
	Issn = {0025-5831},
	Issue = {4},
	Journal = {Mathematische Annalen},
	Keyword = {Mathematics and Statistics},
	Note = {10.1007/BF01457454},
	Pages = {515-534},
	Publisher = {Springer Berlin / Heidelberg},
	Title = {Factoring polynomials with rational coefficients},
	Url = {http://dx.doi.org/10.1007/BF01457454},
	Volume = {261},
	Year = {1982},
	Bdsk-Url-1 = {http://dx.doi.org/10.1007/BF01457454}}

