% ARTICLES

@Article{discrete-log-nfs-1993,
  title = {Discrete Logarithms in {$\mathrm{GF}(p)$} Using the Number Field Sieve},
  author = {Gordon, Daniel M},
  journal = {SIAM J. Discrete Math.},
  volume = {6},
  number = {1},
  year = {1993},
}

@Article{patricia,
  title={{PATRICIA} --- practical algorithm to retrieve information coded in alphanumeric},
  author={Morrison, Donald R},
  journal={Journal of the ACM (JACM)},
  volume={15},
  number={4},
  pages={514--534},
  year={1968},
  publisher={ACM}
}

@Article{heartbleed-timeline,
    title = {Heartbleed disclosure timeline: who knew what and when},
    author = {Ben Grubb},
    year=2014,
    month=apr,
    booktitle={Sydney Morning Herald}
}

@Article{hundred-gig,
    author = {Steven J. Vaughan-Nichols},
    title = {Here comes the {100GigE} {I}nternet},
    year = 2010,
    journal = {ZDNet},
    note = {\url{http://www.zdnet.com/blog/networking/here-comes-the-100gige-internet/334}}
}

@Article{nfs-prime-field-2003,
  title = {Improvements to the general number field sieve for discrete logarithms 
           in prime fields. {A} comparison with the {G}aussian integer method},
  author = {Joux, Antoine and Lercier, Reynald},
  journal = {Math. Comp.},
  volume = {72},
  number = {242},
  pages = {953--967},
  publisher = {AMS},
  year = 2003
}

@Article{virtual-logarithms-2005,
  title = {Virtual logarithms},
  author = {Schirokauer, Oliver},
  journal = {J. Algorithms},
  volume = {57},
  number = {2},
  pages = {140--147},
  publisher = {Elsevier},
  year = 2005
}

% BOOKS

@Book{nfs-1993,
  title = {The Development of the {N}umber {F}ield {S}ieve},
  editor = {A. K. Lenstra and H. W. {Lenstra, Jr.}},
  publisher = {Springer},
  year = 1993
}

@Book{nmap,
 author = {Lyon, Gordon Fyodor},
 title = {Nmap Network Scanning: The Official Nmap Project Guide to Network Discovery and Security Scanning},
 publisher = {Insecure},
 address = {USA},
 year = 2009
}

@Book{primes-computation-2001,
  title = {Prime Numbers: A Computational Perspective},
  author = {Crandall, Richard and Pomerance, Carl B.},
  publisher = {Springer},
  year = 2001
}

% PROCEEDINGS

@InProceedings{heartbleed-2014,
  author = {Zakir Durumeric and Frank Li and James Kasten and Johanna Amann and Jethro Beekman and Mathias Payer and Nicolas Weaver and David Adrian and Vern Paxson and Michael Bailey and J. Alex Halderman},
  title = {The {M}atter of {H}eartbleed},
  booktitle = {Proc.\ 14th ACM {I}nternet Measurement Conference ({IMC})},
  month = nov,
  year = 2014
}

@InProceedings{heuristic-discrete-log-2014,
  title = {A heuristic quasi-polynomial algorithm for discrete logarithm in finite fields of small characteristic},
  author = {Barbulescu, Razvan and Gaudry, Pierrick and Joux, Antoine and Thom{\'e}, Emmanuel},
  booktitle = {Eurocrypt},
  year = 2014
}

@InProceedings{ike-nrl-1999, 
  author = {Meadows, C.}, 
  booktitle = {IEEE Symposium on Security and Privacy}, 
  title = {Analysis of the {I}nternet Key Exchange protocol using the {NRL} Protocol Analyzer}, 
  year = 1999 
}

@InProceedings{ike-security-2002,
  author = {Ran Canetti and Hugo Krawczyk},
  title = {Security Analysis of {IKE}'s Signature-based Key-Exchange Protocol},
  booktitle = {Crypto},
  year = {2002}
}



@InProceedings{multi-core-network-2010,
  title = {High speed network traffic analysis with commodity multi-core systems},
  author = {Fusco, Francesco and Deri, Luca},
  booktitle = {Proc.\ 10th ACM {I}nternet Measurement Conference ({IMC})},
  year = 2010,
  month = nov
}

@InProceedings{pfring-2004,
  title={Improving passive packet capture: Beyond device polling},
  author={Deri, L.},
  booktitle={Proc.\ 4th International System Administration and Network Engineering Conference ({SANE})},
  year={2004},
  month=sept
}

@InProceedings{ssl-observatory-2010,
    author = {Peter Eckersley and Jesse Burns},
    title = {An {O}bservatory for the {SSL}iverse},
    booktitle = {Proc.\ DEF CON 18},
    month = jul,
    year = 2010
}

@InProceedings{ssl-v3-1996,
  title = {Analysis of the {SSL 3.0} Protocol},
  author = {David Wagner and Bruce Schneier},
  booktitle = {2nd Usenix Workshop on Electronic Commerce},
  year = 1996
}

@InProceedings{state-of-scanning-2014,
    author = {Zakir Durumeric and Michael Bailey and J. Alex Halderman},
    title = {An {I}nternet-wide View of {I}nternet-wide Scanning},
    booktitle = {Proc.\ 23rd {USENIX} Security Symposium},
    month = aug,
    year = 2014
}

@InProceedings{trapdoors-discrete-log-1992,
  title = {Designing and detecting trapdoors for discrete log cryptosystems},
  author = {Gordon, Daniel M},
  booktitle = {Crypto},
  year = 1992,
}

@InProceedings{weak-keys-12,
  author = {Nadia Heninger and Zakir Durumeric and Eric Wustrow and J. Alex Halderman},
  title = {Mining Your {P}s and {Q}s: {D}etection of Widespread Weak Keys in Network Devices},
  booktitle = {Proc.\ 21st {USENIX} Security Symposium},
  month = aug,
  year = 2012
}

@InProceedings{zmap-2013,
    author = {Zakir Durumeric and Eric Wustrow and J. Alex Halderman},
    title = {{ZMap}: {F}ast {I}nternet-Wide Scanning and its Security Applications},
    booktitle = {Proc.\ 22nd {USENIX} Security Symposium},
    month = aug,
    year = 2013
}

% MISC

@Misc{pfring-zc,
  title={Introducing {PF\_RING ZC}},
  year={2014},
  month=apr,
  howpublished={ntop Blog},
  note={\url{http://www.ntop.org/pf_ring/introducing-pf_ring-zc-zero-copy/}}
}

@Misc{pfring-numa,
    title={Not All Servers Are Alike (With {PF\_RING ZC/DNA}) Part 3},
    year={2014},
    month=may,
    howpublished={ntop Blog},
    note={\url{http://www.ntop.org/pf_ring/not-all-servers-are-alike-with-pf_ring-zcdna-part-3/}}    
}

@Misc{ten-gig-commodity,
  title={10 {Gbit/s} Line Rate Packet Processing Using Commodity Hardware: Survey and new Proposals},
  author={Rizzo, Luigi and Deri, Luca and Cardigliano, Alfredo},
  note={\url{http://luca.ntop.org/10g.pdf}}
}

@Misc{masscan-10g,
  title = {Masscan: {T}he entire {I}nternet in 3 minutes},
  author={Robert Graham},
  year=2013,
  month=sep,
  howpublished={Errata Security blog},
  note = {\url{http://blog.erratasec.com/2013/09/masscan-entire-internet-in-3-minutes.html}}
}

@Misc{masscan-rng,
  title = {Masscan: {D}esigning my own crypto},
  author = {Robert Graham},
  year=2013,
  month=dec,
  howpublished={Errata Security blog},
  note = {\url{http://blog.erratasec.com/2013/12/masscan-designing-my-own-crypto.html}}
}

@Misc{amazon-10g,
    title = {Amazon {EC2} {I}nstance {T}ypes},
    note = {\url{http://aws.amazon.com/ec2/instance-types/}}
}

@Misc{iana,
    author={IANA},
    title={{IPv4} Address Space Registry},
    note={\url{http://www.iana.org/assignments/ipv4-address-space/ipv4-address-space.xml}}
}

@Misc{bernstein1996syn,
  title = {{SYN} cookies},
  author = {Bernstein, D. J.},
  note = {\url{http://cr.yp.to/syncookies.html}},
  year = 1996
}

@Misc{scanrand,
    title={Paketto Simplified {(1.0)}},
    author = {Kaminsky, Dan},
    year=2002,
    month=nov,
    note = {\url{http://dankaminsky.com/2002/11/18/77/}}
}

@Misc{unicornscan,
    title={Unicornscan},
    author={Lee, Robert E.},
    note = {\url{http://unicornscan.org}}
}

@misc{smooth-parts-djb-2004,
  title = {How to find smooth parts of integers},
  author = {Daniel J. Bernstein},
  note = {\url{http://cr.yp.to/factorization/smoothparts-20040510.pdf}},
  year = 2004
}

@misc{gmp-ecm-zimmerman-2012,
  title = {{GMP-ECM}},
  author = {Zimmermann, P. and others},
  note = {\url{https://gforge.inria.fr/projects/ecm}},
  year = 2012
}

@Misc{fips186,
  title = {{FIPS PUB 186-4}: Digital Signature Standard},
  author= {{NIST}},
  doi = {10.6028/NIST.FIPS.186-4},
  year = 2013
}

@Misc{fips180,
  title = {{FIPS PUB 180-4}: Secure Hash Standard ({SHS})},
  author = {{National Institute of Standards and Technology}},
  year = 2012
}
