% This file was created with JabRef 2.10.
% Encoding: UTF-8


@inproceedings{LogJam,
  title = {Imperfect Forward Secrecy: {H}ow {D}iffie-{H}ellman Fails
                  in Practice},
  author = {David Adrian and Karthikeyan Bhargavan and Zakir Durumeric
                  and Pierrick Gaudry and Matthew Green and J. Alex
                  Halderman and Nadia Heninger and Drew Springall and
                  Emmanuel Thom\'e and Luke Valenta and Benjamin
                  VanderSloot and Eric Wustrow and Santiago
                  Zanella-B\'eguelin and Paul Zimmermann},
  booktitle = {22nd ACM Conference on Computer and Communications
                  Security},
  month = oct,
  year = 2015
}

@inproceedings{valenta2016faas,
    title={Factoring as a Service},
    author={Luke Valenta and Shaanan Cohney and Alex Liao and Joshua Fried and Satya Bodduluri and Nadia Heninger},
    booktitle = {Financial Cryptography and Data Security},
    year={2016},
    organization={Springer}
}

@inproceedings{yoo2003slurm,
    title={Slurm: Simple {L}inux utility for resource management},
    author={Yoo, Andy B and Jette, Morris A and Grondona, Mark},
    booktitle={Job Scheduling Strategies for Parallel Processing},
    pages={44--60},
    year={2003},
    organization={Springer}
}

@InProceedings{Lucky13,
  Title                    = {Lucky thirteen: Breaking the {TLS} and {DTLS} record protocols},
  Author                   = {Al Fardan, Nadhem J and Paterson, Kenneth G},
  Booktitle                = {IEEE Symposium on Security and Privacy},
  Year                     = {2013},
  Organization             = {IEEE},
  Pages                    = {526--540}
}

@InProceedings{RC4biases,
  Title                    = {On the Security of {RC4} in {TLS}},
  Author                   = {AlFardan, Nadhem J and Bernstein, Daniel J and Paterson, Kenneth G and Poettering, Bertram and Schuldt, Jacob CN},
  Booktitle                = {22nd USENIX Security Symposium},
  Year                     = {2013},
  Pages                    = {305--320}
}

@InCollection{bardou2012efficient,
  Title                    = {Efficient padding oracle attacks on cryptographic hardware},
  Author                   = {Bardou, Romain and Focardi, Riccardo and Kawamoto, Yusuke and Simionato, Lorenzo and Steel, Graham and Tsay, Joe-Kai},
  Booktitle                = {Advances in Cryptology--CRYPTO 2012},
  Publisher                = {Springer},
  Year                     = {2012},
  Pages                    = {608--625}
}

@InProceedings{SMACKTLS,
  Title                    = {A messy state of the union: Taming the composite state machines of {TLS}},
  Author                   = {Beurdouche, Benjamin and Bhargavan, Karthikeyan and Delignat-Lavaud, Antoine and Fournet, C{\'e}dric and Kohlweiss, Markulf and Pironti, Alfredo and Strub, Pierre-Yves and Zinzindohoue, Jean Karim},
  Booktitle                = {IEEE Symposium on Security and Privacy},
  Year                     = {2015}
}

@InProceedings{TripleHandshake,
  Title                    = {Triple handshakes and cookie cutters: Breaking and fixing authentication over {TLS}},
  Author                   = {Bhargavan, Karthikeyan and Lavaud, Antoine Delignat and Fournet, C{\'e}dric and Pironti, Alfredo and Strub, Pierre Yves},
  Booktitle                = {IEEE Symposium on Security and Privacy},
  Year                     = {2014},
  Organization             = {IEEE},
  Pages                    = {98--113}
}

@InCollection{Bleichenbacher,
  Title                    = {Chosen ciphertext attacks against protocols based on the {RSA}
encryption standard {PKCS} \#1},
  Author                   = {Bleichenbacher, Daniel},
  Booktitle                = {Advances in Cryptology — CRYPTO '98},
  Publisher                = {Springer Berlin / Heidelberg},
  Year                     = {1998},
  Series                   = {Lecture Notes in Computer Science},
  Volume                   = {1462},

  Affiliation              = {Bell Laboratories 700 Mountain Ave. 07974 Murray Hill NJ 700
Mountain Ave. 07974 Murray Hill NJ}
}

@Article{BEAST,
  Title                    = {Here come the xor ninjas},
  Author                   = {Duong, Thai and Rizzo, Juliano},
  Journal                  = {Unpublished manuscript},
  Year                     = {2011},
  Pages                    = {4}
}

@Misc{SSLv3,
  Title                    = {The secure sockets layer ({SSL}) protocol version 3.0},
  Author                   = {Freier, Alan and Karlton, Philip and Kocher, Paul},
  Year                     = {2011},
  Howpublished = {RFC 6101},
}

@Misc{SSLv2,
  Title                    = {The {SSL} protocol},

  Author                   = {Hickman, Kipp and Elgamal, Taher},
  Note                     = {Available at \url{https://tools.ietf.org/html/draft-hickman-netscape-ssl-00}},
  Year                     = {1995},

  Journal                  = {Netscape Communications Corp},
  Volume                   = {501}
}

@Misc{better-crypto,
  Title                    = {Better Crypto -- Applied Crypto Hardening},

  Author                   = {Wolfgang Breyha and  David Durvaux and  Tobias Dussa and  L. Aaron Kaplan and  Florian Mendel and  Christian Mock and  Manuel Koschuch and  Adi Kriegisch and  Ulrich Pöschl and  Ramin Sabet and  Berg San and  Ralf Schlatterbeck and  Thomas Schreck and  Alexander Würstlein and  Aaron Zauner and  Pepi Zawodsky},
  Note                     = {Available at \url{https://bettercrypto.org/static/applied-crypto-hardening.pdf}},
  Year                     = {2016},

  Journal                  = {bettercrypto.org},
}

@Misc{netcraft-heartbleed,
  Title                    = {Keys left unchanged in many {H}eartbleed replacement certificates!},

  Author                   = {Paul Mutton},
  Note                     = {Available at \url{http://news.netcraft.com/archives/2014/05/09/keys-left-unchanged-in-many-heartbleed-replacement-certificates.html}},
  Year                     = {2014},

  Journal                  = {Netcraft Ltd.},
}

@InCollection{klima2003attacking,
  Title                    = {Attacking {RSA}-based sessions in {SSL/TLS}},
  Author                   = {Klima, Vlastimil and Pokorn{\`y}, Ondrej and Rosa, Tom{\'a}{\v{s}}},
  Booktitle                = {Cryptographic Hardware and Embedded Systems-CHES 2003},
  Publisher                = {Springer},
  Year                     = {2003},
  Pages                    = {426--440}
}

@Misc{laurie2013certificate,
  Title                    = {Certificate transparency},

  Author                   = {Laurie, Ben and Langley, Adam and Kasper, Emilia}
}

@Misc{POODLE,
  Title                    = {This {POODLE} bites: exploiting the {SSL} 3.0 fallback},

  Author                   = {M{\"o}ller, Bodo and Duong, Thai and Kotowicz, Krzysztof},
  Year                     = {2014},

  Publisher                = {Google},
  url = {\url{https://www.openssl.org/~bodo/ssl-poodle.pdf}}
}

@InCollection{Meyer14,
  Title                    = {Revisiting {SSL/TLS} Implementations: New {B}leichenbacher Side Channels and Attacks},
  Author                   = {Christopher Meyer and Juraj Somorovsky and Eugen Weiss and J{\"o}rg Schwenk and Sebastian Schinzel and Erik Tews},
  Booktitle                = {23rd USENIX Security Symposium},
  Publisher                = {USENIX Association},
  Year                     = {2014},

  Address                  = {San Diego, CA},
  Month                    = Aug,
  Pages                    = {733--748},

  ISBN                     = {978-1-931971-15-7},
  Url                      = {https://www.usenix.org/conference/usenixsecurity14/technical-sessions/presentation/meyer}
}

@Misc{CRIME,
  Title                    = {The {CRIME} attack},
  Author                   = {Rizzo, Juliano and Duong, Thai},
  Howpublished                = {EKOparty Security Conference},
  Year                     = {2012},
}

@Misc{ProhibitingSSLv2,
  Title                    = {Prohibiting Secure Sockets Layer ({SSL}) Version 2.0},

  Author                   = {S. Turner and T. Polk},
  HowPublished             = {RFC 6176 (Informational)},
  Month                    = apr,
  Year                     = {2011},

  Number                   = {6176},
  Organization             = {Internet Engineering Task Force},
  Publisher                = {IETF},
  Series                   = {Request for Comments},
  Url                      = {http://www.ietf.org/rfc/rfc6176.txt}
}

@InProceedings{Zhang:2014:CSA:2660267.2660356,
  Title                    = {Cross-Tenant Side-Channel Attacks in {PaaS} Clouds},
  Author                   = {Zhang, Yinqian and Juels, Ari and Reiter, Michael K. and Ristenpart, Thomas},
  Booktitle                = {Proceedings of the 2014 ACM SIGSAC Conference on Computer and Communications Security},
  Year                     = {2014},

  Address                  = {New York, NY, USA},
  Pages                    = {990--1003},
  Publisher                = {ACM},
  Series                   = {CCS '14},

  Acmid                    = {2660356},
  Doi                      = {10.1145/2660267.2660356},
  ISBN                     = {978-1-4503-2957-6},
  Keywords                 = {cache-based side channels, cloud security, platform-as-a-service, side-channel attacks},
  Location                 = {Scottsdale, Arizona, USA},
  Numpages                 = {14},
  Owner                    = {juraj},
  Timestamp                = {2015.10.18},
  Url                      = {http://doi.acm.org/10.1145/2660267.2660356}
}

@Misc{green2015secure,
  title                    = {Secure Protocols in a Hostile World},
  author = {Dan Martin},
  month = sep,
  year = 2015,
  howpublished = {Bristol Cryptography Blog},
  note                      = {\url{http://bristolcrypto.blogspot.co.il/2015/09/secure-protocols-in-hostile-world.html}}
}

@article{SnapStart,
  title                    = {Transport Layer Security ({TLS}) Snap Start},
  author                   = {Langley, A and others},
  journal                  = {draft-agl-tls-snapstart-00 (work in progress)},
  year                     = {2010}
}



@Misc{TLS1_3,
  author = {Eric Rescorla and others},
  title                    = {The Transport Layer Security ({TLS}) Protocol Version 1.3, draft},
  Url                      = {https://tools.ietf.org/html/draft-ietf-tls-tls13-11}
}

@misc{langley2014quic,
  author = {Wan-Teh Chang and Adam Langley},
  title = {{QUIC} Crypto},
  note = {\url{https://docs.google.com/document/d/1g5nIXAIkN_Y-7XJW5K45IblHd_L2f5LTaDUDwvZ5L6g/edit?pli=1}},
  year                     = {2014}
}

@inproceedings{PFS_earliest,
  title                    = {An identity-based key-exchange protocol},
  author                   = {G{\"u}nther, Christoph G},
  booktitle                = {Advances in Cryptology—Eurocrypt’89},
  pages                    = {29--37},
  year                     = {1990},
  organization             = {Springer}
}

@Misc{green2011snap,
  Url                      = {http://blog.cryptographyengineering.com/2011/12/whats-tls-snap-start.html}
}

@Misc{QUIC_deployment,
  title                    = {A {QUIC} update on Google's experimental transport},
  Url                      = {http://blog.chromium.org/2015/04/a-quic-update-on-googles-experimental.html}
}

@misc{quic,
author = {Jim Roskind},
title = {{QUIC} design document},
note = {\url{https://docs.google.com/a/chromium.org/document/d/1RNHkx_VvKWyWg6Lr8SZ-saqsQx7rFV-ev2jRFUoVD34}},
year = 2013
}

@article{WagnerSchneier:SSLAnalysis:96,
  title={Analysis of the {SSL} 3.0 protocol},
  author={Wagner, D. and Schneier, B.},
  journal={The Second USENIX Workshop on Electronic Commerce Proceedings},
  year={1996}
}

@inproceedings{2013:01:briefChronologyOfSSLTLSAttacks,
 author = {Meyer, Christopher and Schwenk, Jörg},
 title = {{SoK}: Lessons Learned From {SSL/TLS} Attacks},
 booktitle = {{Proceedings of the 14th International Workshop on Information
Security Applications}},
 series = {WISA 2013},
 year = {2013},
 publisher = {Springer-Verlag},
 month = aug,
 address = {Berlin, Heidelberg},
}

@inproceedings{jager13one,
  title={One Bad Apple: Backwards Compatibility Attacks on State-of-the-Art
Cryptography},
  author={Jager, Tibor and Paterson, Kenneth G and Somorovsky, Juraj},
  organization={NDSS 2013},
  month = feb
}

@inproceedings{manger,
  title={A Chosen Ciphertext Attack on {RSA} Optimal Asymmetric Encryption Padding
({OAEP}) as Standardized in {PKCS} \#1 v2.0},
  booktitle={Advances in Cryptology - CRYPTO 2001, 21st Annual International
Cryptology Conference, Santa Barbara, California, USA, August 19-23, 2001,
Proceedings},
  series={Lecture Notes in Computer Science},
  publisher={Springer},
  volume={2139},
  pages={230-238},
  author={James Manger},
  year=2001
}

@inproceedings{DBLP:conf/esorics/JagerSS12,
  author    = {Tibor Jager and
               Sebastian Schinzel and
               Juraj Somorovsky},
  title     = {Bleichenbacher's Attack Strikes again: Breaking {PKCS}\#1 v1.5
               in {XML} Encryption},
  booktitle = {ESORICS 2012 - 17th European Symposium
               on Research in Computer Security, Pisa, Italy, September
               10-12, 2012},
  year      = {2012},
  pages     = {752-769},
  ee        = {http://dx.doi.org/10.1007/978-3-642-33167-1_43},
  bibsource = {DBLP, http://dblp.uni-trier.de}
}

@inproceedings{CCS:MVVP12,
 author = {Mavrogiannopoulos, Nikos and Vercauteren, Frederik and Velichkov,
Vesselin and Preneel, Bart},
 title = {A cross-protocol attack on the {TLS} protocol},
 booktitle = {Proceedings of the 2012 ACM conference on Computer and
communications security},
 series = {CCS '12},
 year = {2012},
 isbn = {978-1-4503-1651-4},
 location = {Raleigh, North Carolina, USA},
 pages = {62--72},
 numpages = {11},
 url = {http://doi.acm.org/10.1145/2382196.2382206},
 doi = {10.1145/2382196.2382206},
 acmid = {2382206},
 publisher = {ACM},
 address = {New York, NY, USA},
 keywords = {cross-protocol attack, man-in-the-middle, server impersonation
attack, ssl, tls},
} 

@misc{tls13-draft,
  author="T. Dierks and E. Rescorla",
  title="{The Transport Layer Security ({TLS}) Protocol Version 1.3}",
  howpublished="draft-ietf-tls-tls13-07",
  publisher="IETF",
  organization="Internet Engineering Task Force",
  year=2015,
  month=jul,
  url="https://tools.ietf.org/html/draft-ietf-tls-tls13-07",
}

@book{bulletproofTLS,
  author={Ivan Ristić},
  title={Bulletproof SSL and TLS. Understanding and deploying SSL/TLS and PKI to secure servers and web applications},
  isbn="978-1907117046",
  publisher="Feisty Duck",
  year=2014,
  month=aug
}

@inproceedings {ProtocolStateFuzzing15,
  author = {Joeri de Ruiter and Erik Poll},
  title = {Protocol State Fuzzing of {TLS} Implementations},
  booktitle = {24th USENIX Security Symposium},
  year = {2015},
  month = Aug,
  address = {Washington, D.C.},
  url = {https://www.usenix.org/conference/usenixsecurity15/technical-sessions/presentation/de-ruiter},
  publisher = {USENIX Association},
}

@article{DBLP:journals/corr/MayerZSH15,
  author    = {Wilfried Mayer and
               Aaron Zauner and
               Martin Schmiedecker and
               Markus Huber},
  title     = {No Need for Black Chambers: Testing {TLS} in the E-mail Ecosystem
               at Large},
  journal   = {CoRR},
  volume    = {abs/1510.08646},
  year      = {2015},
  url       = {http://arxiv.org/abs/1510.08646},
  timestamp = {Sun, 01 Nov 2015 17:30:45 +0100},
  biburl    = {http://dblp.uni-trier.de/rec/bib/journals/corr/MayerZSH15},
  bibsource = {dblp computer science bibliography, http://dblp.org}
}

@inproceedings{hashcat-talk,
  author = {Jens Steube},
  title = {Optimizing computation of Hash-Algorithms as an attacker},
  booktitle = {Passwords},
  year = 2013,
  address = {Las Vegas},
  note = "\url{http://hashcat.net/events/p13/js-ocohaaaa.pdf}"
}

@inproceedings{Jager:2015:STQ:2810103.2813657,
 author = {Jager, Tibor and Schwenk, J\"{o}rg and Somorovsky, Juraj},
 title = {On the Security of {TLS} 1.3 and {QUIC} Against Weaknesses in {PKCS}\#1 v1.5 Encryption},
 booktitle = {Proceedings of the 22nd ACM SIGSAC Conference on Computer and Communications Security},
 series = {CCS '15},
 year = {2015},
 isbn = {978-1-4503-3832-5},
 location = {Denver, Colorado, USA},
 pages = {1185--1196},
 numpages = {12},
 url = {http://doi.acm.org/10.1145/2810103.2813657},
 doi = {10.1145/2810103.2813657},
 acmid = {2813657},
 publisher = {ACM},
 address = {New York, NY, USA},
 keywords = {TLS, chosen-ciphertext attack, cross-protocol attack},
}

@inproceedings{jager2013one,
  title={One Bad Apple: Backwards Compatibility Attacks on State-of-the-Art Cryptography.},
  author={Jager, Tibor and Paterson, Kenneth G and Somorovsky, Juraj},
  booktitle={NDSS},
  year={2013}
}

@article{DBLP:journals/corr/HolzAMWK15,
  author    = {Ralph Holz and
               Johanna Amann and
               Olivier Mehani and
               Matthias Wachs and
               Mohamed Ali K{\^{a}}afar},
  title     = {{TLS} in the wild: an {I}nternet-wide analysis of {TLS}-based protocols
               for electronic communication},
  journal   = {CoRR},
  volume    = {abs/1511.00341},
  year      = {2015},
  url       = {http://arxiv.org/abs/1511.00341},
  timestamp = {Tue, 01 Dec 2015 19:22:34 +0100},
  biburl    = {http://dblp.uni-trier.de/rec/bib/journals/corr/HolzAMWK15},
  bibsource = {dblp computer science bibliography, http://dblp.org}
}

@misc{bowencab,
author={Peter Bowen},
month={December},
day={23},
year={2015},
note={\url{https://cabforum.org/pipermail/public/2015-December/006507.html}}
}

@misc{opensslchangelog,
author={OpenSSL},
title = {Change log},
note={\url{https://www.openssl.org/news/changelog.html#x0}}
}

@misc{ssllabs,
author={Ivan Risti\'{c}},
note={\url{https://www.trustworthyinternet.org/ssl-pulse/}}
}

@inproceedings{Wang:2005:BMO:2154598.2154601,
 author = {Wang, Xiaoyun and Yu, Hongbo},
 title = {How to Break {MD5} and Other Hash Functions},
 booktitle = {Proceedings of the 24th Annual International Conference on Theory and Applications of Cryptographic Techniques},
 series = {EUROCRYPT'05},
 year = {2005},
 isbn = {3-540-25910-4, 978-3-540-25910-7},
 location = {Aarhus, Denmark},
 pages = {19--35},
 numpages = {17},
 url = {http://dx.doi.org/10.1007/11426639_2},
 doi = {10.1007/11426639_2},
 acmid = {2154601},
 publisher = {Springer-Verlag},
 address = {Berlin, Heidelberg},
} 

@Inbook{Stevens2009,
author="Stevens, Marc
and Sotirov, Alexander
and Appelbaum, Jacob
and Lenstra, Arjen
and Molnar, David
and Osvik, Dag Arne
and Weger, Benne",
editor="Halevi, Shai",
chapter="Short Chosen-Prefix Collisions for {MD5} and the Creation of a Rogue {CA} Certificate",
title="Advances in Cryptology - CRYPTO 2009: 29th Annual International Cryptology Conference, Santa Barbara, CA, USA, August 16-20, 2009. Proceedings",
year="2009",
publisher="Springer Berlin Heidelberg",
address="Berlin, Heidelberg",
pages="55--69",
isbn="978-3-642-03356-8",
doi="10.1007/978-3-642-03356-8_4",
url="http://dx.doi.org/10.1007/978-3-642-03356-8_4"
}

@Inbook{Fluhrer2001,
author="Fluhrer, Scott
and Mantin, Itsik
and Shamir, Adi",
editor="Vaudenay, Serge
and Youssef, Amr M.",
chapter="Weaknesses in the Key Scheduling Algorithm of {RC4}",
title="Selected Areas in Cryptography: 8th Annual International Workshop, SAC 2001 Toronto, Ontario, Canada, August 16--17, 2001 Revised Papers",
year="2001",
publisher="Springer Berlin Heidelberg",
address="Berlin, Heidelberg",
pages="1--24",
isbn="978-3-540-45537-0",
doi="10.1007/3-540-45537-X_1",
url="http://dx.doi.org/10.1007/3-540-45537-X_1"
}

@inproceedings {AlFardan,
author = {Nadhem AlFardan and Daniel J. Bernstein and Kenneth G. Paterson and Bertram Poettering and Jacob C. N. Schuldt},
title = {On the Security of {RC4} in {TLS}},
booktitle = {Presented as part of the 22nd USENIX Security Symposium},
year = {2013},
isbn = {978-1-931971-03-4},
address = {Washington, D.C.},
pages = {305--320},
url = {https://www.usenix.org/conference/usenixsecurity13/technical-sessions/paper/alFardan},
publisher = {USENIX},
}


@article{DBLP:journals/dcc/CremersF15,
	author    = {Cas J. F. Cremers and
	Michele Feltz},
	title     = {Beyond {eCK}: Perfect forward secrecy under actor compromise and ephemeral-key
	reveal},
	journal   = {Des. Codes Cryptography},
	volume    = {74},
	number    = {1},
	pages     = {183--218},
	year      = {2015},
	url       = {http://dx.doi.org/10.1007/s10623-013-9852-1},
	doi       = {10.1007/s10623-013-9852-1},
	timestamp = {Mon, 12 Jan 2015 13:22:25 +0100},
	biburl    = {http://dblp.uni-trier.de/rec/bib/journals/dcc/CremersF15},
	bibsource = {dblp computer science bibliography, http://dblp.org}
}


@Inbook{Jager2012,
	author="Jager, Tibor
	and Schinzel, Sebastian
	and Somorovsky, Juraj",
	editor="Foresti, Sara
	and Yung, Moti
	and Martinelli, Fabio",
	chapter="Bleichenbacher's Attack Strikes again: Breaking PKCS\#1 v1.5 in XML Encryption",
	title="Computer Security -- ESORICS 2012: 17th European Symposium on Research in Computer Security, Pisa, Italy, September 10-12, 2012. Proceedings",
	year="2012",
	publisher="Springer Berlin Heidelberg",
	address="Berlin, Heidelberg",
	pages="752--769",
	isbn="978-3-642-33167-1",
	doi="10.1007/978-3-642-33167-1_43",
	url="http://dx.doi.org/10.1007/978-3-642-33167-1_43"
}

@inproceedings{SLOTH,
	author    = {Karthikeyan Bhargavan and Ga"etan Leurent},
	title     = {Transcript Collision Attacks: Breaking Authentication in {TLS}, {IKE}, and {SSH}},
	booktitle = {NDSS},
	year      = {2016},
	month     = feb
}

@misc{QUICDiscovery,
  title={{QUIC} Discovery},
  author={Ryan Hamilton},
  note={\url{https://docs.google.com/document/d/1i4m7DbrWGgXafHxwl8SwIusY2ELUe8WX258xt2LFxPM/edit#}}
}

@misc{GoogleStats,
  title={Google Search Statistics},
  note={\url{http://www.internetlivestats.com/google-search-statistics/}}
}

@misc{WikipediaStats,
  title={Page Views for {W}ikipedia, Both sites, Normalized},
  note={\url{https://stats.wikimedia.org/EN/TablesPageViewsMonthlyCombined.htm}}
}


@misc{hashcat,
title={Hashcat},
key={hashcat},
note={\url{http://hashcat.net}}
}

@misc{ec2,
title={Amazon {EC2}},
key={amazon ec2},
note={\url{https://aws.amazon.com/ec2/}}
}

@misc{testssl,
title={{testssl.sh}},
note={\url{https://testssl.sh/}}
}

@misc{sslyze,
title={{SSLyze}},
note={\url{https://github.com/iSECPartners/sslyze}}
}

@misc{ssltest,
title={Qualys {SSL} Server Test},
note={\url{https://www.ssllabs.com/ssltest/}}
}

@InProceedings{zmap13,
    author = {Zakir Durumeric and Eric Wustrow and J. Alex Halderman},
    title = {{ZMap}: {F}ast {I}nternet-Wide Scanning and its Security Applications},
    booktitle = {Proceedings of the 22nd {USENIX} Security Symposium},
    month = aug,
    year = 2013
}

@inproceedings{Durumeric:2014:MH:2663716.2663755,
 author = {Durumeric, Zakir and Kasten, James and Adrian, David and Halderman, J. Alex and Bailey, Michael and Li, Frank and Weaver, Nicolas and Amann, Johanna and Beekman, Jethro and Payer, Mathias and Paxson, Vern},
 title = {The Matter of {H}eartbleed},
 booktitle = {Proceedings of the 2014 Conference on Internet Measurement Conference},
 series = {IMC '14},
 year = {2014},
 isbn = {978-1-4503-3213-2},
 location = {Vancouver, BC, Canada},
 pages = {475--488},
 numpages = {14},
 url = {http://doi.acm.org/10.1145/2663716.2663755},
 doi = {10.1145/2663716.2663755},
 acmid = {2663755},
 publisher = {ACM},
 address = {New York, NY, USA},
 keywords = {heartbleed, internet-wide scanning, openssl, security},
}

@article{FalseStart,
  title={Transport layer security ({TLS}) false start},
  author={Langley, A and Modadugu, N and Moeller, B},
  journal={draft-bmoeller-tls-falsestart-00, June},
  volume={2},
  year={2010}
}

@article{BetterCrypto,
  title={Applied Crypto Hardening},
  author={Breyha, Wolfgang and Durvaux, David and Dussa, Tobias and Kaplan, L Aaron and Mendel, Florian and Mock, Christian and Koschuch, Manuel and Kriegisch, Adi and P{\"o}schl, Ulrich and Sabet, Ramin and others},
  year={2014}
}

@misc{openssl-clear-patch,
  author = {Emilia K\"asper},
  title = {Fix reachable assert in {SSLv2} servers},
  month = mar,
  year = 2015,
  howpublished = {OpenSSL patch},
  note={\url{https://github.com/openssl/openssl/commit/86f8fb0e344d62454f8daf3e15236b2b59210756}}
}

@misc{CVE-2015-0293,
  title={{CVE-2015-0293}},
  key={cve-2015-0293},
  note={\url{https://cve.mitre.org/cgi-bin/cvename.cgi?name=CVE-2015-0293}}
}


@article{lll,
	Affiliation = {Mathematisch Centrum Kruislaan 413 NL-1098 SJ Amsterdam The Netherlands},
	Author = {Lenstra, A. K. and Lenstra, H. W. and Lov{\'a}sz, L.},
	Issn = {0025-5831},
	Issue = {4},
	Journal = {Mathematische Annalen},
	Keyword = {Mathematics and Statistics},
	Note = {10.1007/BF01457454},
	Pages = {515-534},
	Publisher = {Springer Berlin / Heidelberg},
	Title = {Factoring polynomials with rational coefficients},
	Url = {http://dx.doi.org/10.1007/BF01457454},
	Volume = {261},
	Year = {1982},
	Bdsk-Url-1 = {http://dx.doi.org/10.1007/BF01457454}}


@inproceedings{2016holz_analysis_tls-based_protocols_electronic_communication,
    abstract = {The majority of electronic communication today
happens either via email or chat. Thanks to the use of standard-
ised protocols electronic mail ({SMTP}, {IMAP}, {POP3}) and instant
chat ({XMPP}, {IRC}) servers can be deployed in a decentralised
but interoperable fashion. These protocols can be secured by
providing encryption with the use of {TLS}â€”directly or via the
{STARTTLS} extensionâ€”and leverage X.509 {PKIs} or ad hoc
methods to authenticate communication peers. However, many
combination of these mechanisms lead to insecure deployments.
We present the largest study to date that investigates the
security of the email and chat infrastructures. We used active
Internet-wide scans to determine the amount of secure service
deployments, and passive monitoring to investigate if user agents
actually use this opportunity to secure their communications. We
addressed both the client-to-server interactions as well as server-
to-server forwarding mechanisms that these protocols offer, and
the use of encryption and authentication methods in the process.
Our findings shed light on an insofar unexplored area of
the Internet. The truly frightening result is that most of our
communication is poorly secured in transit.},
    address = {Geneva, Switzerland},
    author = {Holz, Ralph and Amann, Johanna and Mehani, Olivier and Wachs, Matthias and Kaafar, Mohamed A.},
    booktitle = {Network and Distributed System Security SymposiumNDSS 2016,},
    day = {21},
    doi = {10.14722/ndss.2016.23055},
    editor = {Capkun, Srdjan},
    isbn = {1-891562-41-X},
    keywords = {chat, cryptography, deployment, email, imap, instantmessaging, irc, pki, pop3, scan, security, smtp, ssl, starttls, tls, trust, xmpp},
    location = {San Diego, CA, USA},
    month = feb,
    organization = {Internet Society},
    pdf-url = {http://www.nicta.com.au/pub?doc=8943},
    publisher = {Internet Society},
    title = {{TLS} in the Wild: An Internet-wide Analysis of {TLS}-based Protocols for Electronic Communication},
    url = {http://www.nicta.com.au/pub?id=8943},
    year = {2016}
}
