

@inproceedings{den1990diffie,
  title = {Diffie-{H}ellman is as strong as discrete log for certain primes},
  author = {den Boer, Bert},
  booktitle = {Crypto},
  year = {1988},
}

@inproceedings{maurer1994towards,
  title = {Towards the equivalence of breaking the {D}iffie-{H}ellman protocol and computing discrete logarithms},
  author = {Maurer, Ueli M.},
  booktitle = {Crypto},
  year = {1994},
}

@inproceedings{maurer1996diffie,
  title = {{D}iffie-{H}ellman oracles},
  author = {Maurer, Ueli M. and Wolf, Stefan},
  year = {1996},
  booktitle = {Crypto},
}
%  booktitle = {Advances in Cryptology--CRYPTO'96},
%  series = {LNCS},
%  volume = {1109},
%  pages = {268--282},
%  publisher = {Springer}

@incollection{shanks1971class,
  title = {Class number, a theory of factorization, and genera},
  author = {Shanks, Daniel},
  booktitle = {Proc. Sympos. Pure Math.},
  volume = {20},
  year = {1971},
}
%  publisher = {AMS}
%  pages = {415--440},

@article{pollard1975monte,
  title = {A {M}onte {C}arlo method for factorization},
  author = {Pollard, John M.},
  journal = {BIT Numerical Mathematics},
  volume = {15},
  number = {3},
  pages = {331--334},
  year = {1975},
  publisher = {Kluwer Academic Publishers}
}

@article{pohlig1978improved,
  title = {An improved algorithm for computing logarithms over
           $\mathrm{GF}(p)$ and its cryptographic significance (Corresp.)},
  author = {Pohlig, Stephen C. and Hellman, Martin E.},
  journal =  {Trans. Inform. Theory},
  volume = {24},
  number = {1},
  year = {1978},
}
%  pages = {106--110},
%  publisher = {IEEE}

@inproceedings{van1994parallel,
  title = {Parallel collision search with application to hash functions and discrete logarithms},
  author = {Van Oorschot, Paul C. and Wiener, Michael J.},
  booktitle = {ACM CCS},
  year = {1994},
}
%  pages = {210--218},
%  publisher = {ACM}

@article{lowe1995attack,
  title = {An attack on the {N}eedham-{S}chroeder public-key authentication protocol},
  author = {Lowe, Gavin},
  journal = {Inf. Process. Lett.},
  volume = {56},
  number = {3},
  pages = {131--133},
  year = {1995},
  publisher = {Elsevier}
}



@INPROCEEDINGS{mitm-timing,
author={Aziz, B. and Hamilton, G.}, 
booktitle={SECUREWARE},
title={Detecting Man-in-the-Middle Attacks by Precise Timing}, 
year=2009, 
pages={81-86}}

@article{marlinspike2009more,
  title={{More Tricks For Defeating SSL In Practice}},
  author={Marlinspike, Moxie},
  journal={Black Hat USA},
  year={2009}
}
@inproceedings{Wendlandt2008,
 author = {Wendlandt, Dan and Andersen, David G. and Perrig, Adrian},
 title = {Perspectives: improving SSH-style host authentication with multi-path probing},
 booktitle = {USENIX Annual Technical Conference},
 year = {2008},
 pages = {321--334},
} 

@inproceedings{karlof2007dynamic,
  title={Dynamic pharming attacks and locked same-origin policies for web browsers},
  author={Karlof, Chris and Shankar, Umesh and Tygar, J Doug and Wagner, David},
  booktitle={ACM CCS},
  pages={58--71},
  year={2007},
  publisher={ACM}
}

@inproceedings{schwenk2011power,
  title={The power of recognition: secure single sign-on using {TLS} channel bindings},
  author={Schwenk, J{\"o}rg and Kohlar, Florian and Amon, Marcus},
  booktitle={ACM workshop on Digital identity management},
  pages={63--72},
  year={2011},
  publisher={ACM}
}

@INPROCEEDINGS{certs,
author={Clark, J. and van Oorschot, P.C.}, 
	booktitle={IEEE Symposium on Security and Privacy}, 
title={{SoK: SSL and HTTPS: Revisiting Past Challenges and Evaluating Certificate Trust Model Enhancements}}, 
year={2013}, 
pages={511-525}}

@misc{eaptls,
  title={{The {EAP-TLS} Authentication Protocol}},
  author={Simon, Dan and Aboba, Bernard and Hurst, Ryan},
  year={2008},
  howpublished={{IETF RFC 5216}}
}

@misc{eapttls,
  title={{Extensible Authentication Protocol Tunneled Transport Layer Security
             Authenticated Protocol Version 0}},
  author={Funk, Paul and Blake-Wilson, Simon},
  year={2008},
  howpublished={{IETF RFC 5281}}
}

@misc{compoundauthentication,
  title={{The Compound Authentication Binding Problem}},
  author={Puthenkulam, Jose and Lortz, Victor and Palekar, Ashwin and Simon, Dan and Aboba, Bernard},
  year={2003},
  howpublished={{IETF Internet Draft v04}}
}


@misc{tls-session-hash,
  title={{Transport Layer Security ({TLS}) Session Hash and
                    Extended Master Secret Extension}},
  author={Bhargavan, K and Delignat-Lavaud, A and Pironti, A and Langley, A and Ray, M},
  year=2014,
  howpublished={{IETF Internet Draft}}
}

@misc{channelid,
  title={{Transport Layer Security ({TLS}) Channel IDs}},
  author={Balfanz, D and Hamilton, R},
  year={2013},
  howpublished={{IETF Internet Draft v01}}
}


@misc{peapv2,
  title={{Protected EAP protocol (PEAP) version 2}},
  author={Palekar, A and Simon, D and Salowey, J and Zhou, H and Zorn, G and Josefsson, S},
  year={2004},
  howpublished={{IETF Internet Draft v10}}
}


@misc{ms-peap,
  title={{[MS-PEAP]: Protected Extensible Authentication Protocol (PEAP)}},
  institution={Microsoft corp},
  year=2013,
  howpublished={{\url{http://msdn.microsoft.com/en-us/library/cc238354.aspx}}}
}

@misc{httpseverywhere,
  title={{HTTPS Everywhere}},
  howpublished={\url{https://www.eff.org/https-everywhere}},
  year=2014
}


@misc{additionalinputs-mastersecret,
  title={{Additional Master Secret Inputs for {TLS}}},
  author={Hoffman, Paul},
  year={2012},
  howpublished={{IETF RFC 6358}}
}

@misc{channelbindings-securechannels,
  title={On the use of channel bindings to secure channels},
  author={Williams, Nicolas},
  year={2007},
  howpublished={{IETF RFC 5056}}
}

@misc{keyingmaterials,
  title={{Keying Material Exporters for Transport Layer Security (TLS)}},
  author={Rescorla, Eric},
  year={2010},
  howpublished={{IETF RFC 5705}}
}

@misc{dhkeyexchange,
  title={{Diffie-Hellman Key Agreement Method}},
  author={Rescorla, Eric},
  year={1999},
  howpublished={{IETF RFC 2631}}
}


@misc{sessiontickets,
  title={{TLS} session resumption without server-side state},
  author={Salowey, Joseph and Zhou, Hao and Eronen, Pasi and Tschofenig, Hannes},
  year={2008},
  howpublished={{IETF RFC 5077}}
}

@misc{gs2-sasl,
  title={{Using GSS-API Mechanisms in SASL: The GS2 Mechanism Family}},
  author={Josefsson, S and Williams, N},
  year={2010},
  howpublished={{IETF RFC 5801}}
}


@misc{channelbindings-tls,
  title={{Channel Bindings for TLS}},
  author={Altman, J and Williams, N and Zhu, L},
  year=2010,
  howpublished={{IETF RFC 5929}}
}

@misc{scram-sasl,
  title={{Salted Challenge Response Authentication Mechanism (SCRAM) SASL and GSS-API Mechanisms}},
  author={Menon-Sen, Abhijit and Williams, Nicolas and Melnikov, Alexey and Newman, Chris},
  year=2010,
  howpublished={{IETF RFC 5802}}
}

@misc{xmpp-core,
  title={Extensible messaging and presence protocol (XMPP): Core},
  author={Saint-Andre, Peter},
  year={2011},
  howpublished={{IETF RFC 6120}}
}



@article{burkholder2002ssl,
  title={SSL man-in-the-middle attacks},
  author={Burkholder, Peter},
  journal={The SANS Institute},
  year={2002}
}
@inproceedings{cassola2013,
  title={A practical, targeted, and stealthy attack against {WPA} enterprise authentication},
  author={Cassola, Aldo and Robertson, William and Kirda, Engin and Noubir, Guevara},
  booktitle={NDSS},
  year={2013}
}

@inproceedings{cross-protocol,
  author    = {Nikos Mavrogiannopoulos and
               Frederik Vercauteren and
               Vesselin Velichkov and
               Bart Preneel},
  title     = {A cross-protocol attack on the {TLS} protocol},
  booktitle = {ACM CCS},
  year      = {2012},
  pages     = {62-72},
}


@inproceedings{anderson1996minding,
  title={Minding your p's and q's},
  author={Anderson, Ross and Vaudenay, Serge},
  booktitle={ASIACRYPT},
  pages={26--35},
  year=1996,
}

@inproceedings{van1996diffie,
  title = {On {D}iffie-{H}ellman key agreement with short exponents},
  author = {Van Oorschot, Paul C and Wiener, Michael J},
  year = {1996},
  booktitle = {Eurocrypt},
}
%  booktitle = {Advances in Cryptology--EUROCRYPT'96},
%  series = {LNCS},
%  volume = {1070},
%  pages = {332--343},
%  publisher = {Springer}

@inproceedings{compelled-certificate,
  title = {Certified lies: Detecting and defeating government interception attacks against {SSL}},
  author = {Soghoian, Christopher and Stamm, Sid},
  booktitle = {Financial Cryptography},
  pages = {250--259},
  year = {2012},
  publisher = {Springer}
}

@article{raymond2000security,
  title = {{Security issues in the Diffie-Hellman key agreement protocol}},
  author = {Raymond, Jean-Fransico and Stiglic, Anton},
  journal = {{IEEE} Trans. Inform. Theory},
  volume = {22},
  pages = {1--17},
  year = {2000},
}

@inproceedings{Akhawe:2013:HMC:2488388.2488395,
 author = {Akhawe, Devdatta and Amann, Bernhard and Vallentin, Matthias and Sommer, Robin},
 title = {Here's my cert, so trust me, maybe?: understanding {TLS} errors on the web},
 booktitle = {WWW},
 year = {2013},
 isbn = {978-1-4503-2035-1},
 location = {Rio de Janeiro, Brazil},
 pages = {59--70},
 numpages = {12},
 url = {http://dl.acm.org/citation.cfm?id=2488388.2488395},
 acmid = {2488395},
 publisher = {International World Wide Web Conferences Steering Committee},
 address = {Republic and Canton of Geneva, Switzerland},
 keywords = {tls, warnings},
} 

@inproceedings{akhawe2013alice,
  title={Alice in warningland: A large-scale field study of browser security warning effectiveness},
  author={Akhawe, Devdatta and Felt, Adrienne Porter},
  booktitle={USENIX Security Symposium},
  year={2013}
}

@book{blake1997key,
  title={Key agreement protocols and their security analysis},
  author={Blake-Wilson, Simon and Johnson, Don and Menezes, Alfred},
  year={1997},
  publisher={Springer}
}

@inproceedings{anderson1995robustness,
  title = {Robustness principles for public key protocols},
  author = {Anderson, Ross and Needham, Roger},
  booktitle = {Advances in Cryptology--CRYPTO'95},
  series = {LNCS},
  volume = {963},
  pages = {236--247},
  year = {1995},
  publisher = {Springer}
}

@article{diffie1992authentication,
  title={Authentication and authenticated key exchanges},
  author={Diffie, Whitfield and Van Oorschot, Paul C and Wiener, Michael J},
  journal={Designs, Codes and Cryptography},
  volume={2},
  number={2},
  pages={107--125},
  year={1992},
  publisher={Springer}
}

@inproceedings{van1993extending,
  title={Extending cryptographic logics of belief to key agreement protocols},
  author={van Oorschot, Paul},
  booktitle={ACM CCS},
  pages={232--243},
  year={1993},
  publisher={ACM}
}

@inproceedings{blake1999unknown,
  title={{Unknown key-share attacks on the station-to-station (STS) protocol}},
  author={Blake-Wilson, Simon and Menezes, Alfred},
  booktitle={PKC},
  pages={154--170},
  year=1999,
  publisher={Springer}
}

@article{kaliski2001unknown,
  title={{An unknown key-share attack on the MQV key agreement protocol}},
  author={Kaliski Jr, Burton S},
  journal={ACM TISSEC},
  volume={4},
  number={3},
  pages={275--288},
  year={2001},
  publisher={ACM}
}

@inproceedings{frankencerts,
 author = {Brubaker, Chad and Jana, Suman and Ray, Baishakhi and Khurshid, Sarfraz and Shmatikov, Vitaly},
 title = {Using {Frankencerts} for Automated Adversarial Testing of Certificate Validation in {SSL/TLS} Implementations},
	booktitle={IEEE Symposium on Security and Privacy}, 
 year = {2014},
 pages = {114--129}
} 


@misc{meyer2013lessons,
  title={Lessons Learned From Previous {SSL/TLS} Attacks -- {A} Brief Chronology Of Attacks And Weaknesses},
  author={Meyer, Christopher and Schwenk, J{\"o}rg},
  howpublished = {IACR Cryptology ePrint Archive, Report 2013/049},
  pﬂages={49},
  year={2013}
}

@inproceedings{asokan2005man,
  title={Man-in-the-middle in tunnelled authentication protocols},
  author={Asokan, N. and Niemi, Valtteri and Nyberg, Kaisa},
  booktitle={Security Protocols},
  pages={28--41},
  year=2005
}


@article{oppliger2006ssl,
  title={{SSL/TLS session-aware user authentication -- {O}r how to effectively thwart the man-in-the-middle}},
  author={Oppliger, Rolf and Hauser, Ralf and Basin, David},
  journal={Computer Communications},
  volume=29,
  number=12,
  pages={2238--2246},
  year=2006,
  publisher={Elsevier}
}

@INPROCEEDINGS{Abadi00securityprotocols,
    author = {MartÃ­n Abadi},
    title = {Security Protocols and their Properties},
    booktitle = {Foundations of Secure Computation},
    year = {2000},
    pages = {39--60},
}

@article{oppliger2008ssl,
  title={{SSL/TLS session-aware user authentication}},
  author={Oppliger, Rolf and Hauser, Ralf and Basin, David},
  journal={Computer},
  volume={41},
  number={3},
  pages={59--65},
  year={2008},
  publisher={IEEE}
}

@misc{gsec,
    author = {Michal Zalewski},
    howpublished = {\url{http://googleonlinesecurity.blogspot.com/2012/08/content-hosting-for-modern-web.html}},
    posted-at = {2012-08-29},
    priority = {2},
    title = {{Content hosting for the modern web}},
    year = {2012}
}

@misc{github,
    author = {Vicent MartÃ­},
    howpublished = {Web: \url{https://github.com/blog/1466-yummy-cookies-across-domains}},
    posted-at = {2013-04-09},
    priority = {2},
    title = {{Yummy cookies across domains}},
    year = {2013}
}

@misc{cookies2,
	Author = {D. Kristol, L. Montulli},
	Howpublished = {RFC 2965, Internet Engineering Task Force},
	Institution = {Internet Engineering Task Force},
	Number = {2965},
	Publisher = {IETF},
	Series = {Request for Comments},
	Title = {{HTTP State Management Mechanism}},
	Year = 2000}

@misc{RFC:cookies,
	Author = {A. Barth},
	Howpublished = {RFC 6265, Internet Engineering Task Force},
	Institution = {Internet Engineering Task Force},
	Number = {6265},
	Publisher = {IETF},
	Series = {Request for Comments},
	Title = {{HTTP State Management Mechanism}},
	Year = 2011}

@misc{cookie-fixation,
	Author = {Mitja KolÅ¡ek},
	Howpublished = {ACROS Security},
	Title = {{Session Fixation Vulnerability in Web-based Applications}},
	Year = 2002}

@inproceedings{TLSTruncation,
	Author = {Berbecaru, Diana and Lioy, Antonio},
	Booktitle = {PKI},
	Pages = {248-264},
	Title = "{On the Robustness of Applications Based on the {SSL} and {TLS} Security Protocols}",
	published = {Springer},
	Year = {2007}
}


@inproceedings{robustcsrf,
 author = {Barth, Adam and Jackson, Collin and Mitchell, John C.},
 title = {Robust defenses for cross-site request forgery},
 booktitle = {ACM CCS},
 year = {2008},
 pages = {75--88},
} 

@inproceedings{origincookies,
 author = {Bortz, Andrew and Barth, Adam and Czeskis, Alexei},
 title = {Origin Cookies: Session Integrity for {W}eb Applications},
 booktitle = {W2SP},
 year = {2011},
}


@inproceedings{tlsobc,
 author = {Dietz, Michael and Czeskis, Alexei and Balfanz, Dirk and Wallach, Dan S.},
 title = {Origin-bound certificates: a fresh approach to strong client authentication for the web},
 booktitle = {USENIX Security},
 year = {2012},
} 

@misc{handbook,
    author = {Zalewski, Michal},
    howpublished = {\url{http://code.google.com/p/browsersec/}},
    title = {{Browser Security Handbook}}
}



@article{DBLP:journals/siamcomp/GoldwasserMR88,
  author    = {Shafi Goldwasser and
               Silvio Micali and
               Ronald L. Rivest},
  title     = {A Digital Signature Scheme Secure Against Adaptive Chosen-Message
               Attacks},
  journal   = {SIAM J. Comput.},
  volume    = {17},
  number    = {2},
  year      = {1988},
  pages     = {281-308},
  ee        = {http://dx.doi.org/10.1137/0217017},
  bibsource = {DBLP, http://dblp.uni-trier.de}
}

@misc{rescorla10exporters,
    author = {Rescorla, E.},
    comment = {At \url{www.ietf.org/rfc/rfc5705.txt}},
    month = {March},
    title = {Keying Material Exporters for Transport Layer Security ({TLS}), {RFC} 5705},
    year = {2010}
}

@inproceedings{DBLP:conf/crypto/JagerKSS12,
  author = {Tibor Jager and
            Florian Kohlar and
            Sven Sch{\"a}ge and
            J{\"o}rg Schwenk},
  title = {On the Security of {TLS-DHE} in the Standard Model},
  booktitle = {Advances in Cryptology--CRYPTO'12},
  series = {LNCS},
  pages = {273-293},
  year = {2012},
  publisher = {Springer}
}

@inproceedings{BDKSS14,
	Author = {Florian Bergsma and Benjamin Dowling and Florian Kohlar and J{\"o}rg Schwenk and Douglas Stebila},
	Booktitle = {ACM CCS},
	Title = {Multi-ciphersuite security of the {S}ecure {S}hell ({SSH}) protocol},
	Year = {2014}}


@inproceedings{DBLP:conf/ccs/GeorgievIJABS12,
  author    = {Martin Georgiev and
               Subodh Iyengar and
               Suman Jana and
               Rishita Anubhai and
               Dan Boneh and
               Vitaly Shmatikov},
  title     = {The most dangerous code in the world: validating {SSL} certificates
               in non-browser software},
  booktitle = {ACM CCS},
  year      = 2012,
  pages     = {38-49},
}

@article{DBLP:journals/iacr/BrzuskaFSWW12,
  author    = {Christina Brzuska and
               Marc Fischlin and
               Nigel P. Smart and
               Bogdan Warinschi and
               Stephen C. Williams},
  title     = {Less is More: Relaxed yet Composable Security Notions for
               Key Exchange},
  journal   = {IACR Cryptology ePrint Archive},
  volume    = {2012},
  year      = {2012},
  pages     = {242},
  ee        = {http://eprint.iacr.org/2012/242},
  bibsource = {DBLP, http://dblp.uni-trier.de}
}

@inproceedings{DBLP:conf/eurocrypt/Vaudenay02,
  author    = {Serge Vaudenay},
  title     = {Security Flaws Induced by {CBC} Padding - Applications to
               {SSL}, {IPSEC}, {WTLS} ...},
  booktitle = {EUROCRYPT},
  year      = {2002},
  pages     = {534-546},
}

@inproceedings{DBLP:conf/crypto/CanvelHVV03,
  author    = {Brice Canvel and
               Alain P. Hiltgen and
               Serge Vaudenay and
               Martin Vuagnoux},
  title     = {Password Interception in a {SSL/TLS} Channel},
  booktitle = {CRYPTO},
  year      = {2003},
  pages     = {583-599},
  bibsource = {DBLP, http://dblp.uni-trier.de}
}

@inproceedings{DBLP:conf/focs/BellareDJR97,
  author    = {Mihir Bellare and
               Anand Desai and
               E. Jokipii and
               Phillip Rogaway},
  title     = {A Concrete Security Treatment of Symmetric Encryption},
  booktitle = {FOCS},
  year      = {1997},
  pages     = {394-403}
}

@misc{M2012,
 author = {N. Mavrogiannopoulos}, 
 title = {Preventing cross-protocol attacks in the {TLS} protocol},
 howpublished = {Internet Draft, \url{http://www.cosic.esat.kuleuven.be/publications/article-2222.pdf}},
 pages = {7},
 year = {2012}
}  

@inproceedings{DBLP:conf/ccs/FouquePZ08,
  author    = {Pierre-Alain Fouque and
               David Pointcheval and
               S{\'e}bastien Zimmer},
  title     = {{HMAC} is a randomness extractor and applications to {TLS}},
  booktitle = {ASIACCS},
  year      = {2008},
  pages     = {21-32}
}

@proceedings{DBLP:conf/ccs/2008asia,
  editor    = {Masayuki Abe and
               Virgil D. Gligor},
  title     = {Proceedings of the 2008 ACM Symposium on Information, Computer
               and Communications Security, ASIACCS 2008, Tokyo, Japan,
               March 18-20, 2008},
  booktitle = {ASIACCS},
  publisher = {ACM},
  year      = {2008},
  bibsource = {DBLP, http://dblp.uni-trier.de}
}


@inproceedings{DBLP:conf/crypto/CanettiK02,
  author    = {Ran Canetti and
               Hugo Krawczyk},
  title     = {Security Analysis of IKE's Signature-Based Key-Exchange
               Protocol},
  booktitle = {Crypto},
  year      = {2002},
}

@inproceedings{DBLP:conf/eurocrypt/AcarBBC10,
  author    = {Tolga Acar and
               Mira Belenkiy and
               Mihir Bellare and
               David Cash},
  title     = {Cryptographic Agility and Its Relation to Circular Encryption},
  booktitle = {EUROCRYPT},
  year      = {2010},
  pages     = {403-422}
}

@inproceedings{DBLP:conf/crypto/BellareR93,
  author    = {Mihir Bellare and
               Phillip Rogaway},
  title     = {Entity Authentication and Key Distribution},
  booktitle = {CRYPTO},
  year      = {1993},
  pages     = {232-249}
}

@inproceedings{DBLP:conf/eurocrypt/CanettiK02,
  author    = {Ran Canetti and
               Hugo Krawczyk},
  title     = {Universally Composable Notions of Key Exchange and Secure
               Channels},
  booktitle = {EUROCRYPT},
  year      = {2002},
  pages     = {337-351},
  bibsource = {DBLP, http://dblp.uni-trier.de}
}

@inproceedings{TrafHTTP,
  title = {Statistical Identification of Encrypted Web Browsing Traffic}, 
  author = {Qixiang Sun and Daniel R. Simon and Yi-Min Wang and Wilf Russell and Venkata N.
        Padmanabhan and Lili Qiu}, 
  booktitle = {IEEE Security and Privacy}, 
  year = {2002}
}

@inproceedings{HMAC,
 author = {Mihir Bellare and Ran Canetti and Hugo Krawczyk},
 title = {Keying Hash Functions for Message Authentication},
 booktitle = {16th Annual Cryptology Conference on Advances in Cryptology (CRYPTO'96)},
 year = {1996},
 pages = {1--15},
 publisher = {Springer},
 }
% isbn = {3-540-61512-1},
% address = {London, UK},


@inproceedings{DattaDMW06,
 author = {Anupam Datta and Ante Derek and John C. Mitchell and Bogdan Warinschi},
 title = {Computationally Sound Compositional Logic for Key Exchange Protocols},
 booktitle = {CSFW},
 year = {2006},
 pages = {321--334}
 }

% isbn = {0-7695-2615-2},
% doi = {http://dx.doi.org/10.1109/CSFW.2006.9},
% address = {Washington, DC, USA},

@INPROCEEDINGS{BlanchetJaggardScedrovTsayAsiaCCS08,
  AUTHOR = {Bruno Blanchet and Aaron D. Jaggard and Andre Scedrov and Joe-Kai Tsay},
  TITLE = {Computationally Sound Mechanized Proofs for Basic and Public-key {K}erberos},
  BOOKTITLE = {ACM Symposium on Information, Computer and Communications Security (ASIACCS'08)},
  PAGES = {87--99},
  YEAR = 2008,
  PUBLISHER = {ACM}
}

%  MONTH = MAR,
%  ADDRESS = {Tokyo, Japan},

@inproceedings{ma03attacking,
  author = "Vlastimil Klima and Ondej Pokorny and T. Rosa",
  title = "Attacking {RSA}-based Sessions in {SSL/TLS}",
  booktitle = "CHES",
  year = "2003",
  pages = "426--440"}
%  optuurl = "citeseer.ist.psu.edu/559848.html" }

@INPROCEEDINGS{BlanchetPointchevalCrypto06,
  AUTHOR = {Bruno Blanchet and David Pointcheval},
  TITLE = {Automated Security Proofs with Sequences of Games},
  BOOKTITLE = {26th Annual International Cryptology Conference (CRYPTO'06)},
  VOLUME = 4117,
  LONGseries = {LNCS},
  series = {LNCS},
  PUBLISHER = {Springer},
  PAGES = {537--554},
  YEAR = 2006
}

%  EDITOR = {Cynthia Dwork},
%  ADDRESS = {Santa Barbara, CA},
%  MONTH = AUG,

@inproceedings{mitchell-finitestate,
 author = {John C. Mitchell and Vitaly Shmatikov and Ulrich Stern},
 title = {Finite-state analysis of {SSL} 3.0},
 booktitle = {7th USENIX Security Symposium},
 year = {1998},
 pages = {201--216},
 publisher = {USENIX Association},
 }
% optlocation = {San Antonio, Texas},
% optaddress = {Berkeley, CA, USA},


@manual{barker2007nist,
  title={{NIST Special Publication 800-56A Recommendation for Pair-Wise Key Establishment Schemes Using Discrete Logarithm Cryptography (Revised)}},
  author={Barker, Elaine and Johnson, Don and Smid, Miles},
  year=2007
}
%    organization = nistOrg

@inproceedings{schneier,
 author = {David Wagner and Bruce Schneier},
 title = {Analysis of the {SSL} 3.0 protocol},
 booktitle = {USENIX Electronic Commerce},
 year = {1996},
 pages = {29--40}
 }
% optlocation = {Oakland, California},
% optaddress = {Berkeley, CA, USA},

@phdthesis{Die97,
author = {S. Dietrich},
title =  {A Formal Analysis of the Secure Sockets Layer Protocol},
school = {Adelphi University},
year={1997}
}
%Dept. Mathematics and Computer Science, 

@article{paulson,
 author = {Lawrence C. Paulson},
 title = {Inductive analysis of the {I}nternet protocol {TLS}},
 journal = {ACM TISSEC},
 volume = 2,
 number = 3,
 year = 1999,
 pages = {332--351}
 }
% optissn = {1094-9224},
% address = {New York, NY, USA},
% optdoi = {http://doi.acm.org/10.1145/322510.322530},

@inproceedings{wcf-cardspace-asiaccs08,
  author = {Karthikeyan Bhargavan and C\'edric Fournet and Andrew D. Gordon and Nikhil Swamy},
  title = {Verified Implementations of the {I}nformation {C}ard Federated Identity-Management Protocol},
  pages = "123--135",
  booktitle = "ACM Symposium on Information, Computer and Communications Security (ASIACCS'08)",
  year = 2008,
  PUBLISHER = {ACM}
  }

@inproceedings{BellareR93,
  author    = {Mihir Bellare and
               Phillip Rogaway},
  title     = {Random Oracles are Practical: A Paradigm for Designing Efficient
               Protocols},
  booktitle = {CCS},
  year      = {1993},
  pages     = {62--73},
  publisher = {ACM}
}
%  ee        = {http://doi.acm.org/10.1145/168588.168596},
%  bibsource = {DBLP, http://dblp.uni-trier.de}


@inproceedings{DBLP:conf/sacrypt/PhanP04,
  author    = {Duong Hieu Phan and
               David Pointcheval},
  title     = {About the Security of Ciphers (Semantic Security and Pseudo-Random
               Permutations)},
  booktitle = {11th International Workshop on Selected Areas in Cryptography (SAC'04)},
  year      = {2004},
  pages     = {182-197},
  publisher = {Springer},
  series    = {LNCS},
  series = {LNCS},
  volume    = {3357},
}

@inproceedings{hmac-randomness-extractor-asiaccs08,
  author = {Pierre-Alain Fouque and David Pointcheval and S\'ebastien Zimmer},
  title = {{HMAC} is a Randomness Extractor and Applications to {TLS}},
  pages = "21--32",
  booktitle = "ACM Symposium on Information, Computer and Communications Security (ASIACCS'08)",
  year = 2008,
  PUBLISHER = {ACM}
}

@inproceedings{browser-based-mutual-auth-tls-asiaccs08,
  author = {Sebastian Gajek and Mark Manulis and Ahmad-Reza Sadeghi and J\"org Schwenk},
  title = {Provably Secure Browser-Based User-Aware Mutual Authentication Over {TLS}},
  pages = "300-311",
  booktitle = "ACM Symposium on Information, Computer and Communications Security (ASIACCS'08)",
  year = 2008,
  PUBLISHER = {ACM}
}

@proceedings{asiaccs08,
  title = "Proceedings of the ACM Symposium on Information, Computer and Communications Security (ASIACCS'08)",
  booktitle = "ACM Symposium on Information, Computer and Communications Security (ASIACCS'08)",
  editor =  "M. Abe and V. Gligor",
  year = 2008,
  publisher = {ACM},
}

@inproceedings{DBLP:conf/ndss/WrightCM09,
  author    = {Charles V. Wright and
               Scott E. Coull and
               Fabian Monrose},
  title     = {Traffic Morphing: An Efficient Defense Against Statistical
               Traffic Analysis},
  booktitle = {NDSS},
  year      = {2009}
}

@inproceedings{DBLP:conf/csfw/DattaDMW06,
  author    = {Anupam Datta and
               Ante Derek and
               John C. Mitchell and
               Bogdan Warinschi},
  title     = {Computationally Sound Compositional Logic for Key Exchange
               Protocols},
  booktitle = {CSFW},
  year      = {2006},
  pages     = {321-334},
  ee        = {http://doi.ieeecomputersociety.org/10.1109/CSFW.2006.9},
  bibsource = {DBLP, http://dblp.uni-trier.de}
}

%  address = {Tokyo, Japan}
@misc{GnuTLS,
  title ={{GnuTLS} Documentation on Record Padding},
  author = {Nikos Mavrogiannopoulos and Simon Josefsson},
  note= {\url{http://www.gnutls.org/manual}},
  year = 2011
}

@misc{ssl2,
  author="Kipp E.B. Hickman",
  title="The {SSL} Protocol",
  howpublished="Draft specification, Netscape",
  year=1995,
}
%  note="\url{http://wp.netscape.com/eng/security/SSL_2.html}",
%  month=feb,

@inproceedings{704293,
 author = {J. Jonsson and B. S. Kaliski},
 title = {On the Security of {RSA} Encryption in {TLS}},
 booktitle = {CRYPTO},
 year = {2002},
 pages = {127--142},
 }
 

% optaddress = {London, UK},
% optisbn = {3-540-44050-X},

@misc{ssl3,
  author = {Alan O. Frier and Philip Karlton and Paul C. Kocher},
  title = "The {SSL} Protocol Version 3.0",
  howpublished="Internet Draft, IETF",
  year = 1996,
}
%  month = nov,

@misc{tls10,
  author="T. Dierks and C. Allen",
  title={The {TLS} Protocol Version 1.0},
  howpublished="IETF RFC 2246",
  year=1999,
}
%  howpublished="RFC 2246, IETF",
%  month=jan,
%  uurl="http://www.ietf.org/rfc/rfc2246.txt",

@misc{tls11,
  author="T. Dierks and E. Rescorla",
  title="{The {T}ransport {L}ayer {S}ecurity ({TLS}) Protocol Version 1.1}",
  howpublished="IETF RFC 4346",
  year=2006,
}
%  month=apr,
%  howpublished="RFC 4346, IETF",
%  uurl="http://www.ietf.org/rfc/rfc4346.txt",


@misc{tls12,
  author="T. Dierks and E. Rescorla",
  title="{The Transport Layer Security (TLS) Protocol Version 1.2}",
  howpublished="IETF RFC 5246",
  year=2008,
}

@misc{tls13,
  author="T. Dierks and E. Rescorla",
  title="{The Transport Layer Security (TLS) Protocol Version 1.3}",
  howpublished="Internet Draft",
  year=2014,
}



%  howpublished="RFC 5246, IETF",
%  month=aug,
%  url="http://www.ietf.org/rfc/rfc5246.txt",

@misc{tlsext,
  author="D. Eastlake 3rd",
  title="{Transport Layer Security ({TLS}) Extensions: Extension Definitions}",
  series="Request for Comments",
  number="6066",
  publisher="IETF",
  organisation="Internet Engineering Task Force",
  year=2011,
} 

@misc{interop-draft,
  author="Y. Pettersen",
  title={Clientside interoperability experiences for the {SSL} and {TLS} protocols},
  howpublished="Internet Draft, IETF",
  year=2006,
}
%  month=oct,


%%% inlined from fs2cv.bib



@article{24594,
 author = {Dave Otway and Owen Rees},
 title = {Efficient and timely mutual authentication},
 journal = {ACM SIGOPS Operating Systems Review},
 volume = {21},
 number = {1},
 year = {1987},
 pages = {8--10},
 publisher = {ACM}
 }
% optissn = {0163-5980},
% optdoi = {http://doi.acm.org/10.1145/24592.24594},


@inproceedings{BAF05:AutomatedVerificationOfSelectedEquivalencesForSecurityProtocols,
   author="Bruno Blanchet and Martin Abadi and C\'edric Fournet",
   title="Automated Verification of Selected Equivalences for Security Protocols",
   booktitle="20th IEEE Symposium on Logic in Computer Science (LICS'05)",
   pages= {331--340},
   year=2005,
   publisher = {IEEE Computer Society},
}

@inproceedings{Cor03e,
	Author = {Ricardo Corin and Jeroen M. Doumen and Sandro Etalle},
	Title = {Analysing Password Protocol Security Against Off-line Dictionary Attacks},
	Booktitle = {2nd Int. Workshop on Security Issues with Petri Nets and other Computational Models ({WISP}'04)},
	Pages = {47--63},
	Publisher = {Electronic Notes in Theoretical Computer Science},
	Volume = {121},
	Year = {2004}}

%	UUrl = {http://dx.doi.org/10.1016/j.entcs.2004.10.007},
%	Month = {Jun},
%	Address = {Bologna, Italy},
%	Editor = {N. Busi and R. Gorrieri and F. Martinelli},
%	Annote = {inproceedings},


@inproceedings{MSW08,
author = "Paul Morrissey and Nigel Smart and Bogdan Warinschi",
title="A Modular Security Analysis of the {TLS} Handshake Protocol",
booktitle="ASIACRYPT'08",
pages = "55--73",
year="2008"
}

@inproceedings{DBLP:conf/fse/YauPM05,
  author    = {Arnold K. L. Yau and
               Kenneth G. Paterson and
               Chris J. Mitchell},
  title     = {Padding Oracle Attacks on {CBC}-Mode Encryption with Secret
               and Random {IV}s},
  booktitle = {FSE},
  year      = {2005},
  pages     = {299--319}
}

%  ee        = {http://dx.doi.org/10.1007/11502760_20},
%  bibsource = {DBLP, http://dblp.uni-trier.de}

@inproceedings{DBLP:conf/crypto/Krawczyk01,
  author    = {Hugo Krawczyk},
  title     = {The Order of Encryption and Authentication for Protecting
               Communications (or: How Secure Is {SSL}?)},
  booktitle = {CRYPTO'01},
  year      = {2001}
}

%  ee        = {http://link.springer.de/link/service/series/0558/bibs/2139/21390310.htm},
%  bibsource = {DBLP, http://dblp.uni-trier.de}

@inproceedings{1251354,
 author = {David Brumley and Dan Boneh},
 title = {Remote timing attacks are practical},
 booktitle = {USENIX Security},
 year = {2003},
 pages = {1--14}
 }

% location = {Washington, DC},
% address = {Berkeley, CA, USA},

@proceedings{DBLP:conf/fse/2005,
  editor    = {Henri Gilbert and
               Helena Handschuh},
  title     = {Fast Software Encryption: 12th International Workshop, FSE
               2005, Paris, France, February 21-23, 2005, Revised Selected
               Papers},
  booktitle = {FSE},
  publisher = {Springer},
  LONGseries    = {LNCS},
  series = {LNCS},
  volume    = {3557},
  year      = {2005},
  optisbn      = {3-540-26541-4},
  bibsource = {DBLP, http://dblp.uni-trier.de}
}

@inproceedings{AW05,
  author="Martin Abadi and Bogdan Warinschi",
  booktitle="International Colloqium on Automata, Languages and Programming (ICALP'05)",
  title="Password-based encryption analyzed",
   pages="664--676", 
   publisher="Springer",
  LONGseries    = {LNCS},
  series = {LNCS},
  volume="3580",
   year="2005",
}
% Month = jul
% Editor="L. Caires and G. Italiano and L. Monteiro and C. Palamidessi and M. Young",

@TECHREPORT{Bla04,
  AUTHOR = {Bruno Blanchet},
  TITLE = {Automatic Proof of Strong Secrecy for Security Protocols},
  TYPE = {Technical Report},
  INSTITUTION = {Max-Planck-Institut f{\"u}r Informatik},
  NUMBER = {MPI-I-2004-NWG1-001},
  YEAR = {2004},
}
%  MONTH = {July},
%  ISSN = {0946-011X},


@inproceedings{fs2pv,
author = {Karthikeyan Bhargavan and C\'edric Fournet and Andrew D. Gordon and Stephen Tse},
title = {Verified Interoperable Implementations of Security Protocols},
booktitle = {19th IEEE Computer Security Foundations Workshop (CSFW'06)},
year = {2006},
pages = {139--152},
 publisher = {IEEE Computer Society},
}


@Misc{ocaml,
  key =          "OCaml",
  title =        "Objective {C}aml",
  howpublished = "\url{http://caml.inria.fr}",
}

% now inlined
@Misc{proj,
  author = "Karthikeyan Bhargavan and Ricardo Corin and C\'edric Fournet",
  title =    "Crypto-Verifying Protocol Implementations in {ML}",
  key = {files},
}

@Book{sml,
  author =       "R. Milner and M. Tofte and R. Harper",
  title =        "The Definition of {S}tandard {ML}",
  publisher =    "MIT Press",
  year =         "1990",
}


@manual{fsc,
  author="D. Syme",
  title="F\#",
  note="{\textsf{http://research.microsoft.com/fsharp/}}",
  year=2005,
  organization={Microsoft Research}
}

@manual{dotnet,
  title="Microsoft .NET Framework",
  note="{\textsf{http://www.microsoft.com/NET/}}",
  organization={Microsoft},
  year=2002
}


@INPROCEEDINGS{BlanchetCSF07,
  AUTHOR = {Bruno Blanchet},
  TITLE = {Computationally Sound Mechanized Proofs of Correspondence Assertions},
  BOOKTITLE = {20th IEEE Computer Security Foundations Symposium (CSF'07)},
  PAGES = {97--111},
  YEAR = 2007,
 publisher = {IEEE Computer Society},
}

@INPROCEEDINGS{BlanchetOakland06,
  AUTHOR = {Bruno Blanchet},
  TITLE = {A Computationally Sound Mechanized Prover for Security Protocols},
	booktitle={IEEE Symposium on Security and Privacy}, 
  PAGES = {140--154},
  YEAR = 2006,
}
%  MONTH = MAY

@INPROCEEDINGS{BlanchetCSFW01,
  AUTHOR = {B. Blanchet},
  TITLE = {An efficient cryptographic protocol verifier based on {P}rolog rules},
  BOOKTITLE = {14th IEEE Computer Security Foundations Workshop (CSFW'01)},
  PAGES = {82--96},
  YEAR = 2001,
 publisher = {IEEE Computer Society},
}

%%%

@inproceedings   {abadi:ifiptcs2000,
author       =   "Mart\'{\i}n Abadi and Phillip Rogaway",
title        =   "Reconciling Two Views of Cryptography ({T}he Computational Soundness of Formal Encryption)",
booktitle    =   "1st IFIP International Conference on Theoretical Computer Science",
year         =   2000,
pages = {3--22},
  series = {LNCS},
  series = {LNCS},
  volume = 1872,
  publisher = {Springer},

}

@article{NS78:EncryptionForAuthentication,
  author="R.M. Needham and M.D. Schroeder",
  title="Using encryption for authentication in large networks of computers",
  year=1978, pages="993--999", 
  journal= "Communications of the ACM", 
volume=21, number=12}

@article{DY83:SecurityOfPublicKeyProtocols,
  author="D. Dolev and A.C. Yao",
  title="On the security of public key protocols",
  journal="IEEE Transactions on Information Theory",
  volume="IT--29", number=2, year=1983, pages="198--208"}

@inproceedings{tls-with-pcl,
 author = {Changhua He and Mukund Sundararajan and Anupam Datta and Ante Derek and John C. Mitchell},
 title = {A modular correctness proof of {IEEE} 802.11i and {TLS}},
 booktitle = {CCS'05},
 year = {2005},
 pages = {2--15}
 }
% optisbn = {1-59593-226-7},
% location = {Alexandria, VA, USA},
% optdoi = {http://doi.acm.org/10.1145/1102120.1102124},
% publisher = {ACM},
% address = {New York, USA},

@InProceedings{BFGT06:VerifiedInteroperableImplementationsOfSecurityProtocols,
  author = {Karthikeyan Bhargavan and C\'edric Fournet and Andew D. Gordon and Stephen Tse},
  title = {Verified Interoperable Implementations of Security Protocols},
  booktitle = {19th IEEE Computer Security Foundations Workshop (CSFW'06)},
  year=2006,
  pages="139--152",
  publisher = {IEEE Computer Society},
}
@inproceedings{DBLP:conf/icalp/CorinH06,
  author    = {Ricardo Corin and
               Jerry den Hartog},
  title     = {A Probabilistic Hoare-style Logic for Game-Based Cryptographic
               Proofs},
  booktitle = {33rd International Colloquium on Automata, Languages and Programming, Part II (ICALP'06)},
  year      = {2006},
  pages     = {252--263},
publisher = {Springer},
  LONGseries    = {LNCS},
  series = {LNCS},
  volume    = {4052}
}

@inproceedings{wsep:blanchet02,
  author="Bruno Blanchet",
  title="From Secrecy to Authenticity in Security Protocols",
  booktitle="9th International Static Analysis Symposium (SAS'02)",
  series="LNCS",
  publisher="Springer",
  volume=2477,
  pages="342--359",
  year=2002}

@inproceedings{wsep:abadi01,
   author="Martin Abadi and C\'edric Fournet",
   title="Mobile Values, New Names, and Secure Communication",
   booktitle="28th ACM Symposium on Principles of Programming Languages (POPL'01)",
   pages="104--115",
   year=2001,
   publisher={ACM}  
}

@Misc{PVtool,
  key =          "ProVerif",
  title =        "{ProVerif}",
  howpublished = "\url{http://proverif.inria.fr}",
  year = 2000
}

@misc{tls-msrinria,
  title="fs2cv",
  note="\url{http://www.msr-inria.inria.fr/projects/sec/fs2cv/index.html}",
  year=2005}



@InProceedings{yasinsac01,
  author = 	 {Alec Yasinsac and Justin Childs},
  title = 	 {Analyzing Internet Security Protocols},
  booktitle = 	 {6th IEEE International Symposium on High Assurance Systems Engineering (HASE'01)},
  year =         {2001},
  pages= "149--159",
  publisher = "IEEE Computer Society"
}

@InProceedings{diaz04,
  author = 	 {Gregorio D\'{\i}az and Fernando Curtero and Valent\'{\i}n Valero and Fernando Pelayo},
  title = 	 {Automatic Verification of the {TLS} Handshake Protocol},
  booktitle = 	 {SAC},
  year = 	 {2004},
  pages =        {789--794}
}


@InProceedings{ogata05,
  author = 	 {Kazuhiro Ogata and Kokichi Futatsugi},
  title = 	 {Equational Approach to Formal Analysis of {TLS}},
  booktitle = 	 {ICSCS},
  pages =    {795--804},
  year = 	 {2005}
}

@TechReport{lowe08,
  author = 	 {Allaa Kamil and Gavin Lowe},
  title = 	 {Analysing {TLS} in the Strand Spaces Model},
  institution =  {Oxford University Computing Laboratory},
  year = 	 {2008},
}
%  month = 	 {April},


@inproceedings{GLP:VMCAI, 
   title = {Cryptographic Protocol Analysis on Real {C} Code},
   author = {Jean Goubault{-}Larrecq and Fabrice Parrennes},  
   booktitle = {Verification, Model Checking, and Abstract Interpretation},
   pages = {363--379},  
   year = {2005},  
}

@inproceedings{jurjens06,
 author = {Jan J\"urjens},
 title = {Security Analysis of Crypto-based Java Programs using Automated Theorem Provers},
 booktitle = {Automated Software Engineering},
 year = {2006},
 pages = {167--176}
 }


@inproceedings{Bleichenbacher,
title           = {Chosen Ciphertext Attacks against Protocols Based on {RSA} Encryption Standard {PKCS} \#1},
author          = {Daniel Bleichenbacher},
booktitle       =  {CRYPTO},
pages           = {1-12},
year = {1998}
}

@techreport{BBFGM08:RefinementTypesForSecureImplementations-tr,
  author = "J. Bengtson and K. Bhargavan and C. Fournet and A. D. Gordon and S. Maffeis",
  title = "Refinement types for secure implementations",
  year=2008, institution="Microsoft Research", number="MSR--TR--2008--118",
  note="A preliminary, abridged version appears in the proceedings of
        the 21st IEEE Computer Security Foundations Symposium (CSF'08)"
}

@inproceedings{BackesLaud06,
 author = {Michael Backes and Peeter Laud},
 title = {Computationally sound secrecy proofs by mechanized flow analysis},
 booktitle = {CCS},
 year = {2006},
 pages = {370--379},
 publisher = {ACM}
 }

@inproceedings{Laud05,
 author = {Peeter Laud},
 title = {Secrecy types for a simulatable cryptographic library},
 booktitle = {CCS},
 year = {2005},
 pages = {26--35},
 publisher = {ACM}
 }


@inproceedings{TsahhirovLaud07,
  author    = {Ilja Tsahhirov and Peeter Laud},
  title     = {Application of Dependency Graphs to Security Protocol Analysis},
  booktitle = {3rd Symposium on Trustworthy Global Computing},
  year      = {2007},
  pages     = {294-311},
publisher = {Springer},
  LONGseries    = {LNCS},
  series = {LNCS},
  volume    = {4912}
}

@Unpublished{fs2cv-csf09,
  author = 	 {Karthikeyan Bhargavan and Ricardo Corin and C\'edric Fournet and Eugen Zalinescu},
  title = 	 {Automated Computational Verification for Cryptographic Protocol Implementations},
  note = 	 {MSR-INRIA Technical Report, available at \url{http://msr-inria.inria.fr/projects/sec/fs2cv}},
  year = 	 2009}

@inproceedings{aiz12,
  title={Computational verification of {C} protocol implementations by symbolic execution},
  author={Aizatulin, Mihhail and Gordon, Andrew D and J{\"u}rjens, Jan},
  booktitle={ACM conference on Computer and communications security},
  pages={712--723},
  year={2012}
}


@inproceedings{tls-ccs08,
 author = {Karthikeyan Bhargavan and C\'{e}dric Fournet and  Ricardo Corin and Eugen Zalinescu},
 title = {Cryptographically verified implementations for {TLS}},
 booktitle = {CCS},
 year = {2008},
 pages = {459--468},
 publisher = {ACM}
 }

@Misc{cisco-ssl-05,
  title = 	 {Cisco Security Advisory: {SSL} Certificate Validation Vulnerability in {IDS} Management Software},
  howpublished = {\url{http://www.cisco.com/warp/public/707/cisco-sa-20050824-idsmc.shtml}},
  month = 	 {August},
  year = 	 2005}

@Misc{cisco-ssl-07,
  author = 	 {Cisco},
  title = 	 {{SSL/TLS} Certificate and {SSH} Public Key Validation Vulnerability},
  howpublished = {\url{http://www.cisco.com/warp/public/707/cisco-sa-20070118-certs.shtml}},
  year = 	 2007}


@Misc{ruby-ssl-06,
  author = 	 {Ruby},
  title = 	 {Net:HTTPS Certificate Validation Vulnerability},
  howpublished = {\url{http://web.nvd.nist.gov/view/vuln/detail?vulnId=CVE-2007-5162}},
  month = 	 {June},
  year = 	 2006}

@Misc{openssl-09,
  author = 	 {OpenSSL},
  title = 	 {{\verb+EVP_VerifyFinal+} Function Signature Verification Vulnerability},
  howpublished = {\url{http://web.nvd.nist.gov/view/vuln/detail?vulnId=CVE-2008-5077}},
  month = 	 {January},
  year = 	 2009}


%%%%%%%%%%%%%%%%%%%%%%%%% concatenated with ref-vulns.bib:

@misc {TLS1.2,
author = "Dierks, T. and E. Rescorla",
title = {{The Transport Layer Security ({TLS}) Protocol Version 1.2}},
howpublished = "RFC 5246",
year = "2008"
}

@misc {TLS1.1,
author = "Dierks, T. and E. Rescorla",
title = {{The Transport Layer Security ({TLS}) Protocol Version 1.1}},
howpublished = "RFC 4346",
year = "2006"
}


@misc {TLS1.0,
author = "Dierks, T. and C. Allen",
title = {{The {TLS} Protocol Version 1.0}},
howpublished = "RFC 2246",
year = 1999
}

% RFC re-publishing original SSL3.0 document, 
% so that we have a stable reference to it, and not some expired draft.
@misc {SSL3.0,
author = "A. Freier and P. Karlton and P. Kocher",
title = "The Secure Sockets Layer ({SSL}) Protocol Version 3.0 -- 1996",
howpublished = "RFC 6101",
year = "2011"
}

% RFC prohibiting negotiation of SSL2
@misc {NO_SSL2,
author = "Turner, S. and T. Polk",
title = "Prohibiting Secure Sockets Layer ({SSL}) Version 2.0",
howpublished = "RFC 6176",
year = "2011"
}

% Google False Start Draft
@misc{GoogleFalseStart,
author = "Langley, A. and N. Modadugu and B. Moeller",
title = "Transport Layer Security ({TLS}) False Start",
howpublished = "IETF Internet Draft",
year = "2010"
}

% Length Hiding.
% Paper explaining, in theory, 
% how compression before encryption leaks information about plaintext.

@inproceedings {Kelsey02,
   author = {Kelsey, John},
   title = {Compression and Information Leakage of Plaintext},
   booktitle = {Fast Software Encryption},
   pages = {95-102},
   year = {2002},
   publisher = {IACR}
}

@inproceedings{DBLP:conf/pkc/OkamotoP01,
  author    = {Tatsuaki Okamoto and
               David Pointcheval},
  title     = {The Gap-Problems: A New Class of Problems for the Security
               of Cryptographic Schemes},
  booktitle = {Public Key Cryptography},
  year      = {2001},
  pages     = {104-118},
  ee        = {http://dx.doi.org/10.1007/3-540-44586-2_8},
  booktitle = {Public Key Cryptography, PKC 2001},
  publisher = {Springer},
  series    = {LNCS},
  volume    = {1992},
  year      = {2001}
}

@misc{cryptoeprint:2012:630,
    author = {Florian Giesen and Florian Kohlar and Douglas Stebila},
    title = {On the Security of {TLS} Renegotiation},
    howpublished = {Cryptology ePrint Archive, Report 2012/630},
    year = {2012},
    note = {\url{http://eprint.iacr.org/}},
}

@inproceedings{giesen2013renego,
  title={On the Security of {TLS} Renegotiation},
  author={Giesen, Florian and Kohlar, Florian and Stebila, Douglas},
  booktitle="ACM CCS",
  year={2013},
  page = {373--386}
}

@inproceedings{rethinking-ssl-development-ccs2013,
  title={Rethinking {SSL} Development in an Appified World}, 
  author={Sascha Fahl and Marian Harbach and Henning Perl and Markus Koetter and Matthew Smith},
  booktitle="CCS",
  year={2013},
  page = {49--60}
}


% Renegotiation
%  Original description of the attack
@misc{TLS_Reneg_Attack,
author = "Ray, M.",
title = "Authentication Gap in {TLS} Renegotiation",
howpublished = {\url{http://extendedsubset.com/Renegotiating_TLS.pdf}},
year = "2009"
}

@misc{RayDispensa2009,
  title={Renegotiating {TLS}},
  author={Ray, Marsh and Dispensa, Steve},
  year={2009}
}

% RFC fixing it
@misc{TLS_Reneg_Extension,
author = "Rescorla, E. and M. Ray and S. Dispensa and N. Oskov",
title = "{TLS} Renegotiation Indication Extension",
howpublished = "IETF RFC 5746",
year = "2010"
}

% Padding oracle
@misc{TLS_Pad_Attack,
author = "Moeller, B.",
title = "Security of {CBC} Ciphersuites in {SSL/TLS}: Problems and Countermeasures",
howpublished = "\url{http://www.openssl.org/~bodo/tls-cbc.txt}",
year = "2004"
}

@inproceedings{DBLP:conf/ccs/FournetKS11,
  author    = {C{\'e}dric Fournet and
               Markulf Kohlweiss and
               Pierre-Yves Strub},
  title     = {Modular code-based cryptographic verification},
  booktitle = {ACM CCS},
  year      = {2011},
  pages     = {341-350}
}

% t.bib (forked from az.bib on May 25, 2007)
% Policy: use initials for forenames

@string{iandcomp={Information and Computation}}
%@string{ENTCS="Electronic Notes in Theoretical Computer Science"}
@string{ENTCS="ENTCS"}
%@string{LNCS="LNCS"}
@string{LNCS="LNCS"}
@string{SV="Springer"}
@string{CUP="Cambridge University Press"}
@string(IEEECS="IEEE Computer Society Press")
@string(ACM="ACM Press")
%@string(toplas="ACM Transactions on Programming Languages and Systems")
@string(toplas="ACM TOPLAS")
%@string(jcs="JCS")
%@string{TCS="Theoretical Computer Science"}
@string{TCS="TCS"}
%@string{JACM="Journal of the ACM"}
@string{JACM="JACM"}


@inproceedings{wcf-cardspace-asiaccs08,
  author = {Karthikeyan Bhargavan and C\'edric Fournet and Andrew D. Gordon and Nikhil Swamy},
  title = {Verified Implementations of the {I}nformation {C}ard Federated Identity-Management Protocol},
  LONGpages = "123--135",
  LONGbooktitle = "Proceedings of the ACM Symposium on Information, Computer and Communications Security (ASIACCS'08)",
 booktitle = "ASIACCS'08",
   year = 2008,
  LONGpublisher = {ACM Press}}

@inproceedings{DBLP:conf/ccs/BhargavanFCZ08,
  author    = {Karthikeyan Bhargavan and
               C{\'e}dric Fournet and
               Ricardo Corin and
               Eugen Zalinescu},
  title     = {Cryptographically verified implementations for {TLS}},
  booktitle = ccs09name,
  LONGpublisher	= ccspub,
  year      = {2008},
  LONGpages     = {459-468}}


@inproceedings{DBLP:conf/sp/Blanchet06,
  author    = {Bruno Blanchet},
  title     = {A Computationally Sound Mechanized Prover for Security Protocols},
	booktitle={IEEE Symposium on Security and Privacy}, 
  year      = 2006,
  pages     = {140-154}
}


@InProceedings{ASPIER09,
  author = 	 {S. Chaki and A. Datta},
  title = 	 {{ASPIER}: An Automated Framework for Verifying Security Protocol Implementations},
  booktitle =  {{IEEE} CSF},
  pages = 	 {172--185},
  year = 	 2009}

@article{DBLP:journals/jcs/DurginMP03,
  author    = {Nancy A. Durgin and
               John C. Mitchell and
               Dusko Pavlovic},
  title     = {A Compositional Logic for Proving Security Properties of
               Protocols},
  LONGjournal   = {Journal of Computer Security},
  journal   = jcs,
  volume    = {11},
  number    = {4},
  year      = {2003},
  LONGpages     = {677-722},
  bibsource = {DBLP, http://dblp.uni-trier.de}
}



@article{DBLP:journals/entcs/DattaDMR07,
  author    = {Anupam Datta and
               Ante Derek and
               John C. Mitchell and
               Arnab Roy},
  title     = {Protocol Composition Logic ({PCL})},
  journal   = {Electr. Notes Theor. Comput. Sci.},
  volume    = {172},
  year      = {2007},
  LONGpages     = {311-358},
  ee        = {http://dx.doi.org/10.1016/j.entcs.2007.02.012},
  bibsource = {DBLP, http://dblp.uni-trier.de}
}

@inproceedings{BHMT09:TypecheckingImpOfProtocolsZK,
  author="Michael Backes and Catalin Hritcu and Matteo Maffei and Thorsten Tarrach",
  title="Type-checking Implementations of Protocols Based on Zero-knowledge Proofs",
  year=2009, booktitle="FCS"}


%number="MSR--TR--2008--118",

@inproceedings{BBFGM08:RefinementTypesForSecureImplementations,
  author="J. Bengtson and K. Bhargavan and C. Fournet and A. D. Gordon and S. Maffeis",
  title="Refinement types for secure implementations",
  booktitle="21st IEEE Computer Security Foundations Symposium (CSF'08)",
  year=2008, LONGpages="17--32"}

@misc{ISO19772,
  author={{International Organization for Standardization}}, 
  title = { ISO/IEC 2nd CD 19772, Information technology - Security techniques - Authenticated encryption mechanisms}, 
  year ={2006}
} 

@book{LY99:JVM,
  author="T. Lindholm and F. Yellin",
  title="The {J}ava {V}irtual {M}achine specification",
  year=1999, 
  LONGpublisher="Addison Wesley"}

@inproceedings{dean96,
  author="Drew Dean and Ed Felten and Dan Wallach",
  title="Java Security: From {HotJava} to {Netscape} and Beyond",
  booktitle="1996 IEEE Symposium on Security and Privacy", year=1996}

@article{ROS98:PredicateSubtypingInPVS,
  author="J. Rushby and S. Owre and N. Shankar",
  title="Subtypes for Specifications: Predicate subtyping in {PVS}",
  year=1998, journal="IEEE Transactions on Software Engineering",
  LONGpages="709--720", volume=24, number=9}

@inproceedings{RKJ08:LiquidTypes,
 author = {P. Rondon and M. Kawaguchi and R. Jhala},
 title = {Liquid Types},
 booktitle = {Programming Language Design and Implementation (PLDI'08)},
 year = {2008}, LONGpublisher = {ACM}, LONGpages="159--169"}

@article{debruijn72,
  Author="N. G. {de Bruijn}",
  Title="Lambda calculus notation with nameless dummies,
         a tool for automatic formula manipulation,
         with application to the {Church-Rosser} theorem",
  Journal="Indagationes Mathematicae", Volume=34, Pages="381--392", Year=1972}

@inproceedings{ACPPW08:EngineeringFormalMetatheory,
 author = {B. Aydemir and A. Charg{\'e}raud and B. C. Pierce and R. Pollack and S. Weirich},
 title = {Engineering Formal Metatheory},
 booktitle = {ACM Symposium on Principles of Programming Languages (POPL'08)},
 year = {2008},
 LONGpages = {3--17},
 LONGpublisher = {ACM}}

@inproceedings{gordon94a,
  author="A. D. Gordon",
  title="A mechanisation of name-carrying syntax up to alpha-conversion",
  editor="J. J. Joyce and C.-J. H. Seger",
  booktitle="Higher Order Logic Theorem Proving and its Applications.
             Proceedings, 1993",
  year=1994, LONGpublisher=SV, LONGseries=LNCS, number=780, LONGpages="414--426"}

@incollection{DV01:EqualityReasoningInSequentBasedCalculi,
  author="A. Degtyarev and A. Voronkov",
  title="Equality Reasoning in Sequent-Based Calculi",
  booktitle="Handbook of Automated Reasoning",
  LONGpages="611--706", year=2001, LONGpublisher="Elsevier"}

@book{Gunter92:SemanticsOfProgrammingLanguages,
  author="C. Gunter",
  title="Semantics of programming languages",
  LONGpublisher="MIT Press", year=1992}

@article{Morris73:ProtectionInProgrammingLanguages,
  author="Morris, Jr., J. H.",
  title="Protection in programming languages",
  journal=CACM, volume=16, number=1, year=1973, LONGpages="15--21"} 

@inproceedings{Cardelli86:TypecheckingDependentTypesAndSubtypes,
  author="L. Cardelli",
  title="Typechecking dependent types and subtypes",
  booktitle="Foundations of Logic and Functional Programming",
  LONGseries=LNCS, LONGpublisher=SV, volume=306, LONGpages="45--57", year=1986}

@article{AC01:SubtypingDependentTypes,
  author="D. Aspinall and A. Compagnoni",
  title="Subtyping dependent types",
  journal=TCS, volume=266, number="1--2", year=2001, LONGpages="273--309"} 

@article{SF04:ReasoningAboutProgramsInCPS,
  author="A. Sabry and M. Felleisen",
  title="Reasoning about programs in continuation-passing style",
  journal="LISP and Symbolic Computation", year=1993, volume=6, number="3--4", LONGpages="289--360"}

@article{SP07:BisimulationForDynamicSealing,
  author="E. Sumii and B. Pierce",
  title="A bisimulation for dynamic sealing",
  year=2007, journal=TCS, volume=375, number="1--3", LONGpages="169--192",
  note="Extended abstract at POPL'04"}

@inproceedings{FP91:RefinementTypesForML,
 author = {T. Freeman and F. Pfenning},
 title = {Refinement types for {ML}},
 booktitle={Programming Language Design and Implementation (PLDI'91)},
 year = {1991},
 LONGpages = {268--277},
 LONGpublisher = {ACM}}

@inproceedings{XP99:DependentTypesInPracticalProgramming,
 author = {H. Xi and F. Pfenning},
 title = {Dependent types in practical programming},
 booktitle = {ACM Symposium on Principles of Programming Languages (POPL'99)},
 year = {1999},
 LONGpages = {214--227},
 LONGpublisher = {ACM}}

@inproceedings{Flanagan06:HybridTypeChecking,
 author = {C. Flanagan},
 title = {Hybrid Type Checking},
 booktitle = {ACM Symposium on Principles of Programming Languages (POPL'06)},
 year = {2006}, LONGpages="245--256"}

@inproceedings{AS05:SecurityTypedLanguagesForImplementationOfCryptographicProtocols,
  author="A. Askarov and A. Sabelfeld",
  title="Security-Typed Languages for Implementation of Cryptographic Protocols: A Case Study",
  booktitle="European Symposium on Research in Computer Security (ESORICS'05)",
  year=2005, LONGseries=LNCS, LONGpublisher=SV, volume=3679, LONGpages="197--221"}

 @inproceedings{AHS06:CryptographicallyMaskedFlows,
title = {Cryptographically-Masked Flows},
author = {A. Askarov and D. Hedin and A. Sabelfeld},
booktitle = {Static Analysis Symposium},
LONGpages = {353--369},
LONGseries = LNCS,
LONGpublisher = SV,
volume = {4134},
year = {2006},
}

@inproceedings{NAMB07:AbstractPredicatesAndMutableADTsInHTT,
  author="A. Nanevski and A. Ahmed and G. Morrisett and L. Birkedal",
  title="Abstract predicates and mutable {ADTs} in {Hoare} type theory",
  booktitle="16th European Symposium on Programming (ESOP'07)",
  LONGpages="189--204", year=2007, LONGpublisher=SV, LONGseries=LNCS, volume=4421}
@string{elsevier="Elsevier"}

@MISC{ellison99spki,
    Author         = {Carl M. Ellison and B. Frantz and B. Lampson and R. Rivest and B. Thomas and T. Ylonen},
    Title          = {{SPKI} Certificate Theory, {RFC} 2693},
    Note           = {See \url{http://www.ietf.org/rfc/rfc2693.txt}},
    Year           = {1999}
}

@MISC{rivest96sdsi,
    Author         = {Ronald L. Rivest and Butler Lampson},
    Note           = {See \url{http://theory.lcs.mit.edu/~rivest/sdsi10.ps}},
    Title          = {{SDSI} -- {A} Simple Distributed Security Infrastructure},
    Year           = {1996},
    URL            = {http://citeseer.nj.nec.com/rivest96sdsi.html}
}
                  
@inproceedings{CDV03:TypeBasedDistributedAccessControl,
  author="T. Chothia and D. Duggan and J. Vitek",
  title="Type-Based Distributed Access Control",
  booktitle="16th IEEE Computer Security Foundations Workshop",
  LONGpublisher="IEEE Computer Society Press", year=2003}
                  
@inproceedings{bertino01framework,
 author = {Elisa Bertino and Barbara Catania and Elena Ferrari and Paolo Perlasca},
 title = {A logical framework for reasoning about access control models},
 booktitle = {SACMAT '01: Proceedings of the sixth ACM symposium on Access control models and technologies},
 year = {2001},
 LONGisbn = {1-58113-350-2},
 LONGpages = {41--52},
 location = {Chantilly, Virginia, United States},
 doi = {\url{http://doi.acm.org/10.1145/373256.373261}},
 LONGpublisher = {ACM Press}
 }

@article{bacon02oasis,
 author = {Jean Bacon and Ken Moody and Walt Yao},
 title = {A model of {OASIS} role-based access control and its support for active security},
 journal = {ACM TISSEC},
 volume = {5},
 number = {4},
 year = {2002},
 LONGpages = {492-540},
 }

@INPROCEEDINGS{jim01sd3,
    Author         = {Trevor Jim},
    Booktitle      = {IEEE Symposium on Security and Privacy},
    Title          = {{SD3}: A Trust Management System with Certified
                      Evaluation},
    Year           = {2001},
    Pages          = {106--115},
    Abstract       = {SD3 is a successor to the QCM trust management
                      system. In SD3, policies are written in datalog
                      (similar to Prolog) extended with SDSI global
                      names. SD3 extends QCM with recursive policies and a
                      certified evaluator which produces a proof that the
                      answer to a query follows from the security policy
                      rules. The proof is checked by a very simple
                      checker, thus reducing the trusted computing
                      base. SD3 authorisation is based on SDSI style
                      public key bindings. Thus it is capability-based,
                      not role- or property-based and is not so well
                      suited for establishing trust between complete
                      strangers.}
}

@INPROCEEDINGS{li02rolebased,
    Author         = {Ninghui Li and John C. Mitchell and William
                      H. Winsborough},
    Booktitle      = {Proceedings of the 2002 IEEE Symposium on Security
                      and Privacy},
    Pages          = {114--130},
    Title          = {Design of a Role-Based Trust Management Framework},
    Year           = {2002},
    Abstract       = {This paper introduces various extensions of RT0, the
                      simplest attribute-based, role-based trust
                      management language of the RT family. All the
                      extensions are given semantics by translation into
                      safe datalog rules. RT1 supports parameterised roles
                      with typed parameters. RT2 introduces the notion of
                      o-sets, which are used to group logically related
                      objects (similar to action parameters). RTT supports
                      manifold roles. Now members of a role are sets of
                      entities, not just single entities. This is used for
                      policies where several entities have to get together
                      to perform one action. There is also a special
                      operator for saying that all these entities must be
                      disjunct. It is however not possible to express
                      mutual exclusion of roles, so not all separation of
                      duty constraints are expressible. Finally, RTD
                      supports delegation of role activations (a bit
                      unclear). }
}

@inproceedings{li00dl,
  author    = {Ninghui Li and Benjamin Grosof and J. Feigenbaum},
  title     = {A practically implementable and tractable delegation logic},
  booktitle = {IEEE Symposium on Security and Privacy},
  year      = {2000},
  LONGpages     = {27--42},
}

@inproceedings{AW99:pcauthn,
  author="A. W. Appel and E. W. Felten",
  title="Proof-Carrying Authentication",
  booktitle="CCS",
  year=1999}

@phdthesis{Bauer03:pcauthz,
  author="L. Bauer",
  title="Access Control for the Web via Proof-carrying Authorization",
  school="Princeton University", year=2003}  

@article{CLO01:ALogicOfAccessControl,
  author="J. Crampton and G. Loizou and G. O'Shea",
  title="A logic of access control",
  journal="The Computer Journal", volume=44, number=2, LONGpages="137--149", year=2001}

@article{SM03:LanguageBasedInformationFlowSecurity,
  author="A. Sabelfeld and A. C. Myers",
  title="Language-Based Information-Flow Security",
  journal="IEEE Journal on Selected Areas in Communications",
  volume=21, number=1, LONGpages="5--19", year=2003}

@inproceedings{SS05:DimensionsAndPrinciplesOfDeclassification,
  author="A. Sabelfeld and D. Sands",
  title="Dimensions and Principles of Declassification",
  booktitle="18th IEEE Computer Security Foundations Workshop",
  LONGpublisher="IEEE Computer Society Press", year=2005}

@inproceedings{SV01:AccessControl,
  author="P. Samarati and S. {de Capitani di Vimercati}",
  title="Access Control: Policies, Models, and Mechanisms",
  booktitle="FOSAD 2000", LONGpages="137--196", year=2001,
  LONGpublisher=SV, LONGseries=LNCS, volume=2171}

@inproceedings{BFM04:AuthenticityByTaggingAndTyping,
  author="M. Bugliesi and R. Focardi and M. Maffei",
  title="Authenticity by Tagging and Typing",
  booktitle="Formal Methods in Security Engineering (FMSE'04)",
  LONGpages="1--12", year=2004}

@article{AB05:AnalyzingSecurityProtocolsWithSecrecyTypesAndLogicPrograms,
  author="M. Abadi and B. Blanchet",
  title="Analyzing Security Protocols with Secrecy Types and Logic Programs",
  journal=JACM, volume=52, number=1, LONGpages="102--146", year=2005}

@article{DNJ:ATheoremProverForProgramChecking,
  author = "D. Detlefs and G. Nelson and J.B. Saxe",
  title = "Simplify: A theorem prover for program checking",
  journal=JACM, volume=52, number=3, LONGpages="365--473", year=2005}

@inproceedings{GL86:IntegratingFunImpProg,
  author="D.K. Gifford and J.M. Lucassen",
  title="Integrating functional and imperative programming",
  booktitle="ACM Conference on Lisp and Functional Programming",
  LONGpages="28--38", 
  year=1986}
                  
@article{AB03:SecrecyTypesForAsymmetricCommunication,
  author="M. Abadi and B. Blanchet",
  title="Secrecy Types for Asymmetric Communication",
  journal=TCS, volume=298, number=3, year=2003, LONGpages="387--415"}

@article{ML00:ProtectingPrivacyusingtheDecentralizedLabelModel,
  author="A. C. Myers and B. Liskov",
  title="Protecting Privacy using the Decentralized Label Model",
  journal="ACM Transactions on Software Engineering and Methodology",
  volume=9, number=4, LONGpages="410--442", year=2000}

%  editor="C. Palamidessi",
%  booktitle="CONCUR 2000---Concurrency Theory",
@inproceedings{DNFP00:ProgrammingAccessControlKLAIMExperience,
  author="R. {De Nicola} and G. Ferrari and R. Pugliese",
  title="Programming Access Control: The {KLAIM} Experience",
  booktitle="CONCUR 2000---Concurrency Theory",
  LONGseries=LNCS, LONGpublisher=SV, volume=1877, year=2000, LONGpages="48--65"}

@inproceedings{BCC04:TypeBasedDiscretionaryAccessControl,
  author="M. Bugliesi and D. Colazzo and S. Crafa",
  title="Type Based Discretionary Access Control",
  booktitle="CONCUR'04---Concurrency Theory",
  LONGseries=LNCS, volume=3170, LONGpages="225--239", month=Sep, year=2004, LONGpublisher=SV}

@article{BCC04:AccessControlForMobileAgents,
  author="M. Bugliesi and G. Castagna and S. Crafa",
  title="Access Control for Mobile Agents: the Calculus of Boxed Ambients",
  journal=toplas,
  volume=26, number=1, LONGpages="57--124", month=Jan, year=2004}

@inproceedings{GJ02:Typing11And1ManyCorrespondencesInSecurityProtocols,
  author="A. D. Gordon and A. S. A. Jeffrey",
  title="Typing One-to-One and One-to-Many Correspondences in Security Protocols",
  booktitle="Software Security---Theories and Systems", LONGpages="270--282", year=2002,
  LONGpublisher=SV, LONGseries=LNCS, volume=2609}

@inproceedings{FGM05:ATypeDisciplineForAuthorizationPolicies,
  author="C. Fournet and A. D. Gordon and S. Maffeis",
  title="A Type Discipline for Authorization Policies",
  booktitle="European Symposium on Programming (ESOP'05)",
  LONGpages="141--156", year=2005, LONGpublisher=SV, LONGseries=LNCS, volume=3444}

@techreport{FGM05:ATypeDisciplineForAuthorizationPolicies-tr,
  author="C. Fournet and A. D. Gordon and S. Maffeis",
  title="A Type Discipline for Authorization Policies",
  year=2005, institution="Microsoft Research", number="MSR--TR--2005--01"}

@article{FGM07:ATypeDisciplineForAuthorizationPolicies,
  author="C. Fournet and A. D. Gordon and S. Maffeis",
 title = {A type discipline for authorization policies},
 journal = toplas,
 volume = {29},
 number = {5},
 year = {2007}
}

% issn = {0164-0925},
%doi = {http://doi.acm.org/10.1145/1275497.1275500},
%LONGpublisher = {ACM},
%address = {New York, NY, USA}

@inproceedings{FGM07:ATypeDisciplineForAuthorizationPoliciesInDistributedSystems,
  author="C. Fournet and A. D. Gordon and S. Maffeis",
  title="A Type Discipline for Authorization Policies in Distributed Systems",
  booktitle="20th IEEE Computer Security Foundations Symposium (CSF'07)",
  year=2007, LONGpages="31--45"
}

@techreport{FGM07:ATypeDisciplineForAuthorizationPoliciesInDistributedSystems-tr,
  author="C. Fournet and A. D. Gordon and S. Maffeis",
  title="A Type Discipline for Authorization Policies in Distributed Systems",
  year=2007, institution="Microsoft Research", number="MSR--TR--2007--47"}

@article{abadi98sdsi,
  author =       {Mart\'in Abadi},
  title =        {On {SDSI}'s linked local name spaces},
  journal =      jcs,
  year =         1998,
  volume =       6,
  number =       {1--2},
  LONGpages =        {3--21}
}

@inproceedings{LiMitchell:SPKI-SDSI,
  author="Ninghui Li and John C. Mitchell",
  title="Understanding {SPKI/SDSI} Using First-Order Logic",
  booktitle="IEEE Computer Security Foundations Workshop (CSFW'03)",
  LONGpages="89--103",
  year=2003, 
}

@InProceedings{BGS04:DistributedCalculusForRBAC,
  author = {C. Braghin and D. Gorla and V. Sassone},
  title = {A distributed calculus for role-based access control},
  year = 2004,
  booktitle =    {IEEE Computer Security Foundations Workshop (CSFW'04)},
  month =        jun, LONGpages="48--60"}
}
@InProceedings{cassandra-csfw04,
  author = {Moritz Y. Becker and Peter Sewell},
  title = {Cassandra: flexible trust management, applied to electronic health records},
  year = 2004,
  booktitle =    {IEEE Computer Security Foundations Workshop (CSFW'04)},
  month =        jun, LONGpages="139--154"}
}

@inproceedings{DeTreville02:Binder,
  author="J. DeTreville",
  title="Binder, a logic-based security language",
  booktitle="IEEE Symposium on Security and Privacy",
  year=2002, LONGpages="105--113"}

@inproceedings{GRS04:ModelCheckingAccessControlPolicies,
  author="Dimitar P. Guelev and Mark D. Ryan and Pierre-Yves Schobbens",
  title="Model-checking Access Control Policies",
  booktitle="Seventh Information Security Conference (ISCï¿½04)",
  LONGseries=LNCS, LONGpublisher=SV, year=2004, volume=3225}

@inproceedings{Jim01:SD3,
  author="Trevor Jim",
  title="{SD3}: a trust management system with certified evaluation",
  booktitle="IEEE Symposium on Security and Privacy",
  LONGpages="106--115",
  year=2001}

@inproceedings{Sagiv87:UniformEquivDatalog,
 author = {Y. Sagiv},
 title = {Optimizing {Datalog} programs},
 booktitle = {Sixth ACM SIGACT-SIGMOD-SIGART Symposium on Principles of Database Systems},
 year = {1987},
 LONGisbn = {0-89791-223-3},
 LONGpages = {349--362},
 location = {San Diego, California, United States},
 doi = {\url{http://doi.acm.org/10.1145/28659.28696}},
 LONGpublisher = {ACM Press},
 }

@article{CeriEtAl89:DatalogSurvey,
 author = {S. Ceri and G. Gottlob and L. Tanca},
 title = {What You Always Wanted to Know About {Datalog} (And Never Dared to Ask)},
 journal = {IEEE Transactions on Knowledge and Data Engineering},
 volume = {1},
 number = {1},
 year = {1989},
 issn = {1041-4347},
 LONGpages = {146--166},
 doi = {\url{http://dx.doi.org/10.1109/69.43410}},
 LONGpublisher = {IEEE Educational Activities Department},
 }

@inproceedings{TIN04:BestPracticePatterns,
  author="M. Tatsubori, T. Imamura, and Y. Nakamura",
  title="Best Practice Patterns and Tool Support for Configuring Secure Web Services Messaging",
  booktitle="International Conference on Web Services (ICWS'04)",
  LONGpages="244--251", year=2004}

@inproceedings{ABF04:JFK,
  author="M. Abadi and B. Blanchet and and C. Fournet",
  title="Just Fast Keying in the Pi Calculus",
  booktitle="13th European Symposium on Programming (ESOP'04)",
  volume=2986, LONGseries=LNCS, LONGpages="340--354", year=2004, LONGpublisher=SV}

@inproceedings{Guttman:trust-management-strand-spaces,
  author="Joshua D. Guttman and F. Javier Thayer and Jay A. Carlson
                  and Jonathan C. Herzog and John D. Ramsdell and
                  Brian T. Sniffen",   
  title="Trust Management in Strand Spaces: a Rely-Guarantee Method",
  booktitle="13th European Symposium on Programming (ESOP'04)",
  volume=2986, LONGseries=LNCS, LONGpages="340--354", year=2004, LONGpublisher=SV}

@inproceedings{CVDS03:XMLApproachToCombineFirewallsAndWebServicesSecuritySpecs,
 author = {Marco Cremonini and Sabrina De Capitani {di Vimercati} and Ernesto Damiani and Pierangela Samarati},
 title = {An {XML}-based approach to combine firewalls and web services security specifications},
 booktitle = {2003 ACM workshop on XML security},
 year = {2003},
 LONGisbn = {1-58113-777-X},
 LONGpages = {69--78},
 location = {Fairfax, Virginia},
 doi = {\url{http://doi.acm.org/10.1145/968559.968571}},
 LONGpublisher = {ACM Press},
 }

@inproceedings{SCV01:AccessControlPoliciesModelsMechanisms,
  author="P. Samarati and S. {de Capitani di Vimercati}",
  title="Access Control: Policies, Models, and Mechanisms",
  booktitle="FOSAD 2000", LONGpages="137--196", year=2001,
  LONGpublisher=SV, LONGseries=LNCS, volume=2171}

@article{WSUsingTrustandSecureConversation,
  author="M. Gudgin",
  title="Using {WS-Trust} and {WS-SecureConversation}",
  journal="MSDN", month=May, year=2004,
  note="At \url{http://msdn.microsoft.com/library/default.asp?url=/library/en-us/dnwebsrv/html/ws-trustandsecureconv.asp}"}

@manual{WS-Trust,
  key="WS-Trust",
  author="C. Kaler and A. Nadalin and others",
  title="Web Services Trust Language (WS-Trust)",
  year=2004, month=May, note="Version 1.1.
  At \url{http://msdn.microsoft.com/ws/2004/04/ws-trust/}"}

@manual{WS-SecureConversation,
  key="WS-SecureConversation",
  author="C. Kaler and A. Nadalin and others",
  title="Web Services Secure Conversation Language (WS-SecureConversation)",
  year=2004, month=May, note="Version 1.1.
  At \url{http://msdn.microsoft.com/ws/2004/04/ws-secure-conversation/}"}


@manual{WS-ReliableMessaging,
  key="WS-ReliableMessaging",
  author="C. Ferris and D. Langworthy and others",
  title="Web Services Reliable Messaging Protocol (WS-ReliableMessaging)",
  year=2004, month=March, note="At \url{http://msdn.microsoft.com/ws/2004/03/ws-reliablemessaging/}"}

@manual{WS-Discovery,
  author="J. Schlimmer and others",
  title="A Proposal for UPnP 2.0 Device Architecture",
  year=2004, month=May, note="At \url{http://msdn.microsoft.com/library/en-us/dnglobspec/html/devprof.asp}"}

@article{Lowe03:AnalysingProtocolsSubjectToGuessingAttacks,
  author="G. Lowe",
  title="Analysing protocols subject to guessing attacks",
  journal=jcs,
  volume=12, number=1, year=2004, LONGpages="83--98"}

@article{CohenXX:ProvingProtocolsSafeFromGuessingAttacks,
  author="E. Cohen",
  title="Proving protocols safe from guessing attacks",
  journal="International Journal of Information Security",
  note="To appear.  Preliminary version at FCS/VERIFY workshop, 2002"}

@unpublished{XML,
  author="Worldwide Web Consortium",
  title="Extensible Markup Language (XML) 1.0 (Second Edition)",
  note="At \url{http://www.w3.org/TR/REC-xml}", year=2004}

@book{SS02:HackingWebApplicationsExposed,
  author="J. Scambay and M. Shema",
  title="Hacking Web Applications Exposed",
  LONGpublisher="McGraw-Hill/Osborne", year=2002}

@book{HL03:WritingSecureCode,
  author="M. Howard and D. LeBlanc",
  title="Writing secure code",
  edition="Second", year=2003, LONGpublisher="Microsoft Press"}

@unpublished{Winer98:RPCoverHTTPviaXML,
  author="D. Winer", title={{RPC} over {HTTP} via {XML}},
  note="At \url{http://davenet.scripting.com/1998/02/27/rpcOverHttpViaXml}", year=1998}

@unpublished{Box01:ABriefHistoryofSOAP,
  author="D. Box", title="A Brief History of {SOAP}",
  note="At \url{http://webservices.xml.com/pub/a/ws/2001/04/04/soap.html}", year=2001}

@unpublished{soapmail,
  author="J. Shewchuk and S. Millet and H. Wilson and D. Cole",
  title="Expanding the Communications Capabilities of Web Services with {WS-Addressing}",
  year=2003,
  note="At \url{http://msdn.microsoft.com/library/default.asp?url=/library/en-us/dnwse/html/soapmail.asp}"}

@incollection{Schneier2000:Soap,
  author="B. Schneier",
  title="SOAP",
  booktitle="Crypto-Gram Newsletter", month=Jun, year=2000,
  note="At \url{http://www.schneier.com/crypto-gram-0006.html}"}

@book{BaaderNipkow98,
  author="F. Baader and T. Nipkow",
  title="Term Rewriting and All That",
  LONGpublisher=CUP, year=1998}

@inproceedings{GM03:ModelingDynamicWebData,
  author="P. Gardner and S. Maffeis",
  title="Modeling Dynamic Web Data",
  booktitle="DBPL'03", LONGpublisher=SV, LONGseries=LNCS, year=2003}

@techreport{BS03:Iota,
  author="G. Bierman and P. Sewell",
  title="Iota: a concurrent {XML} scripting language with application to {Home Area Networks}",
  institution="University of Cambridge Computer Laboratory", number=557, year=2003}

@article{AndrewSecureRPC,
 author = {M. Satyanarayanan},
 title = {Integrating security in a large distributed system},
 journal = {ACM Trans. Comput. Syst.},
 volume = {7},
 number = {3},
 year = {1989},
 issn = {0734-2071},
 LONGpages = {247--280},
 doi = {\url{http://doi.acm.org/10.1145/65000.65002}},
 LONGpublisher = {ACM Press},
 }

@techreport{wssec-model-tr,
  author = {Karthikeyan Bhargavan and C{\'e}dric Fournet and Andrew D. Gordon},
  title = {A Semantics for Web Services Authentication},
  institution =  {Microsoft Research},
  year = 2004, type = {Technical Report}, number = "MSR--TR--2003--83"
}

@inproceedings{BFG04:SemanticsForWebServicesAuthentication,
  author="K. Bhargavan and C. Fournet and A. D. Gordon",
  title = {A Semantics for Web Services Authentication},
  booktitle="ACM Symposium on Principles of Programming Languages (POPL'04)",
  year=2004, LONGpages="198--209",
  note = {An extended version appears as Technical Report MSR--TR--2003--83}}

@inproceedings{BFGP04:TulaFale:ASecurityToolForWebServices,
  author="K. Bhargavan and C. Fournet and A. Gordon and R. Pucella",
  title="{TulaFale}: A Security Tool for Web Services",
  booktitle="International Symposium on Formal Methods for Components and Objects (FMCO'03)",
  LONGpublisher=SV, LONGseries=LNCS, year=2004, note="To appear"}

@inproceedings{BFG04:VerifyingPolicyBasedSecurityForWebServices,
  author="K. Bhargavan and C. Fournet and A. D. Gordon",
  title = {Verifying Policy-Based Security for Web Services},
  booktitle="CCS",
  year=2004, LONGpages="268--277", month=oct}

@inproceedings(wsep:blanchet01,
   author="B. Blanchet",
   title="An Efficient Cryptographic Protocol Verifier Based on {Prolog} Rules",
   booktitle="CSFW",
   pages="82--96",
   year=2001)
                  
@inproceedings{BFG06:VerifiedReferenceImplementationsOfWSSecurityProtocols,
  author = {K. Bhargavan and C. Fournet and A. D. Gordon},
  title={Verified reference implementations of {WS-Security} protocols},
  booktitle="3rd International Workshop on Web Services and Formal Methods (WS-FM 2006)",
  year=2006, LONGpublisher=SV, LONGseries=LNCS, volume=4184, LONGpages="88--106"}

@InProceedings{BFGT06:VerifiedInteroperableImplementationsOfSecurityProtocols,
  author = {K. Bhargavan and C. Fournet and A. D. Gordon and S. Tse},
  title = {Verified Interoperable Implementations of Security Protocols},
  booktitle = {IEEE Computer Security Foundations Workshop (CSFW'06)},
  year=2006, LONGpages="139--152"}
                  
@techreport{BFGT07:VerifiedInteroperableImplementationsOfSecurityProtocols,
  author = {K. Bhargavan and C. Fournet and A. D. Gordon and S. Tse},
  title = {Verified Interoperable Implementations of Security Protocols},
  institution="Microsoft Research", number="MSR--TR--2006--46", year=2007,
  note="See also CSFW'06 and WS-FM'06"}
% Accepted for publication in TOPLAS."

@article{BFGT08:VerifiedInteroperableImplementationsOfSecurityProtocols,
  author = {K. Bhargavan and C. Fournet and A. D. Gordon and S. Tse},
  title = {Verified Interoperable Implementations of Security Protocols},
  journal="ACM TOPLAS",
  volume = {31},
  issue = {1},
  month = {December},
  year = {2008},
  LONGpages = {5:1--5:61}}

@InProceedings{GP06:NoninterferenceConstructiveAuthorizationLogic,
  author = {D. Garg and F. Pfenning},
  title = {Non-interference in constructive authorization logic},
  booktitle = {19th IEEE Computer Security Foundations Workshop (CSFW'06)},
  year=2006, LONGpages="283--296"}

@inproceedings{AFG98:SecureImplementationOfChannelAbstractions,
  author="M. Abadi and C. Fournet and G. Gonthier",
  title="Secure Communications Implementation of Channel Abstractions",
  booktitle="13th IEEE Symposium on Logic in Computer Science (LICS'98)",
  LONGpages="105--116", year=1998}

@inproceedings{AFG99:SecureCommunicationsProcessingForDistributedLanguages,
  author="M. Abadi and C. Fournet and G. Gonthier",
  title="Secure Communications Processing for Distributed Languages",
  booktitle="IEEE Symposium on Security and Privacy",
  LONGpages="74--88", year=1999}

@inproceedings{AFG00:AuthPrimsCompilation,
  author="M. Abadi and C. Fournet and G. Gonthier",
  title="Authentication primitives and their compilation",
  booktitle="ACM Symposium on Principles of Programming Languages (POPL'00)",
  year=2000, LONGpages="302--315"}

@inproceedings{AbadiFournet:applied-pi-popl01,
  author="M. Abadi and C. Fournet",
  title="Mobile values, new names, and secure communication",
  booktitle="ACM Symposium on Principles of Programming Languages (POPL'01)",
  year=2001, LONGpages="104--115"}

@techreport{Anderson73,
  author="J. Anderson",
  title="Computer Security Technology Planning Study",
  institution="U.S. Air Force Electronic Systems Division",
  year=1973, number="ESD--TR--73--51",
  note="At \url{http://csrc.nist.gov/publications/history/index.html}"}

@article{BAN89:LogicOfAuthentication,
	author	= {M. Burrows and M. Abadi and R.M. Needham},
	title	= {A Logic of Authentication},
	journal	= {Proceedings of the Royal Society of London A},
	volume	= 426,
	year	= 1989,
	LONGpages	= {233--271}}

@techreport{BGSER02:TerraServiceDotNet,
  author="T. Barclay and J. Gray and E. Strand and S. Ekblad and J. Richter",
  title="{TerraService.NET}: An Introduction to Web Services",
  institution="Microsoft Research", number="MS--TR--2002--53", year=2002, month=Jun}

@unpublished{BLM04:piDuceAProcessCalculusWithNativeXMLDatatypes,
  author="A. Brown and C. Laneve and G. Meredith",
  title="{$\pi$Duce}: a process calculus with native {XML} datatypes",
  note="Microsoft Corporation", year=2004}

@article{Abadi99:SecrecyByTyping,
  author="M. Abadi",
  title="Secrecy by Typing in Security Protocols",
  journal=JACM, volume=46, number=5, 
  LONGmonth=Sep, 
  year=1999, LONGpages="749--786"}

@INPROCEEDINGS{BlanchetCSFW01,
  AUTHOR = {B. Blanchet},
  TITLE = {An efficient cryptographic protocol verifier based on {P}rolog rules},
  BOOKTITLE = {IEEE Computer Security Foundations Workshop (CSFW'01)},
  PAGES = {82--96},
  YEAR = 2001}

@INPROCEEDINGS{BlanchetSAS02,
  AUTHOR = {B. Blanchet},
  TITLE = {From secrecy to authenticity in security protocols},
  BOOKTITLE = {9th International Static Analysis Symposium (SAS'02)},
  PAGES = {342--359},
  YEAR = 2002,
  VOLUME = 2477,
  SERIES = LNCS,
  PUBLISHER = SV
}

@article{CG00:MobileAmbients,
  author="L. Cardelli and A. D. Gordon",
  title="Mobile ambients",
  journal=TCS, volume=240, year=2000, LONGpages="177--213"}

@inproceedings{Duggan02:CryptographicTypes,
  author="D. Duggan",
  title="Cryptographic Types",
  booktitle="15th IEEE Computer Security Foundations Workshop",
year=2002, LONGpages="238--252"}

@article{ddps.ijis,
    author = {E. Damiani and S. {De Capitani di Vimercati} and S. Paraboschi and P. Samarati},
    title = {Securing {SOAP} E-Services},
    journal = {International Journal of Information Security},
    year = {2002},
    LONGpages = {100-115},
    volume = {1},
    number = {2}}

@techreport{GJ01:TypingCorrespondenceCommunication-tr,
  author="A. D. Gordon and A. S. A. Jeffrey",
  title="Typing Correspondence Assertions for Communication Protocols",
  institution="Microsoft Research",
  number="MSR--TR--2001--48", year=2001, month=May}

@inproceedings{GJ01:TypingCorrespondenceCommunication,
  author="A. D. Gordon and A. S. A. Jeffrey",
  title="Typing Correspondence Assertions for Communication Protocols",
  booktitle="Mathematical Foundations of Programming Semantics 17",
  LONGpublisher="Elsevier", year=2001, volume=45,
  LONGseries=ENTCS,
  note="Extended version to appear in \emph{Theoretical Computer Science}."}

@article{GJ03:TypingCorrespondenceCommunication,
  author="A. D. Gordon and A. S. A. Jeffrey",
  title="Typing Correspondence Assertions for Communication Protocols",
  journal=TCS, volume=300, year=2003, LONGpages="379--409"}

@inproceedings{GJ01:AuthenticityByTyping,
  author="A. D. Gordon and A. S. A. Jeffrey",
  title="Authenticity by Typing for Security Protocols",
  booktitle="IEEE Computer Security Foundations Workshop (CSFW'01)",
  year=2001, LONGpages="145--159",
  note="Extended version to appear in \emph{Journal of Computer Security}."}

@inproceedings{GJ02:TypesAndEffectsForAsymmetricCryptographicProtocols,
  author="A. D. Gordon and A. S. A. Jeffrey",
  title="Types and Effects for Asymmetric Cryptographic Protocols",
  booktitle="15th IEEE Computer Security Foundations Workshop",
  year=2002, LONGpages="77--91",
  note="An extended version appears as
  Technical Report MSR--TR--2002--31, Microsoft Research, August 2002"}

@article{GJ03:TypesAndEffectsForAsymmetricCryptographicProtocols,
  author="A. D. Gordon and A. S. A. Jeffrey",
  title="Types and Effects for Asymmetric Cryptographic Protocols",
  journal="Journal of Computer Security",
  volume=12, number="3/4", LONGpages="435--484", year=2003}

@article{GJ03:AuthenticityByTyping,
  author="A. D. Gordon and A. S. A. Jeffrey",
  title="Authenticity by Typing for Security Protocols",
  journal=jcs,
  year=2003, volume=11, number=4, LONGpages="451--521"}

@inproceedings{GJ05:SecrecyDespiteCompromise,
  author="A. D. Gordon and A. S. A. Jeffrey",
  title="Secrecy Despite Compromise: Types, Cryptography, and the Pi-Calculus",
  booktitle="CONCUR 2005---Concurrency Theory",
  LONGseries=LNCS, LONGpublisher=SV, volume=3653, year=2005, LONGpages="186--201"}

@techreport{GP02:ValididatingWSSecurityAbstraction-tr,
  author="A. D. Gordon and R. Pucella",
  title="Validating a Web Service Security Abstraction by Typing",
  institution="Microsoft Research", number="MS--TR--2002--108", year=2002, month=Dec}

@inproceedings{GP02:ValididatingWSSecurityAbstraction,
  author="A. D. Gordon and R. Pucella",
  title="Validating a Web Service Security Abstraction by Typing",
  booktitle="ACM Workshop on XML Security 2002",
  LONGpages="18--29", year=2003,
  note="An extended version appears as
  Microsoft Research Technical Report MSR--TR--2002--108"}

@inproceedings{DDS02:TowardsSecuringXMLWebServices,
  author="E. Damiani and S. {De Capitani di Vimercati} and P. Samarati",
  title="Towards Securing {XML} Web Services",
  booktitle="ACM Workshop on XML Security 2002",
  year=2003, LONGpages="90--96"}

@inproceedings{HSY01:ATypedProcessCalculusForFineGrainedResourceACinDC,
  author="D. Hoshina and E. Sumii and A. Yonezawa",
  title="A Typed Process Calculus for Fine-Grained Resource Access Control
         in Distributed Computation",
  booktitle="Fourth International Symposium on Theoretical Aspects of
             Computer Software (TACS2001)",
  year=2001, LONGpublisher=SV, LONGseries=LNCS, volume=2215, LONGpages="64--81"}

@article{KMM94:ThreeSystems,
  author="R. Kemmerer and C. Meadows and J. Millen",
  title="Three systems for cryptographic protocol analysis",
  journal=joc,
  volume=7, number=2, LONGpages="79--130", year=1994}

@book{Milner99:pi,
  author="R. Milner",
  title="Communicating and Mobile Systems: the $\pi$-Calculus",
  year=1999, 
  LONGpublisher=CUP}

@manual{MS02:PetShop,
  author="{Microsoft Corporation}",
  title="Microsoft .NET Pet Shop", year=2002,
  note="At \url{http://www.gotdotnet.com/team/compare/petshop.aspx}"}

@article{NS78:EncryptionForAuthentication,
  author="R.M. Needham and M.D. Schroeder",
  title="Using encryption for authentication in large networks of computers",
  year=1978, LONGpages="993--999", journal=cacm, volume=21, number=12}

@article{Paulson98:InductiveApproach,
  author="L.C. Paulson",
  title="The inductive approach to verifying cryptographic protocols",
  year=1998, journal="Journal of Computer Security",
  volume=6, LONGpages="85--128"}

@article{Paulson99:InductiveAnalysisTLS,
 author = {Lawrence C. Paulson},
 title = {Inductive analysis of the Internet protocol {TLS}},
 journal = {ACM TISSEC},
 volume = {2},
 number = {3},
 year = {1999},
 LONGpages = {332--351},
 doi = {\url{http://doi.acm.org/10.1145/322510.322530}},
 LONGpublisher = {ACM Press},
 }

@InProceedings{riely98hlcl,
  author =       {M. Hennessy and J. Riely},
  title =        {Resource Access Control in Systems of Mobile Agents},
  booktitle =    {Proceedings HLCL'98},
  year =         1998,
  volume =       {16(3)},
  LONGseries =       {Electronic Notes in Theoretical Computer Science},
  LONGpublisher =    {Elsevier}}

@inproceedings{sewell98a,
  author="P. Sewell",
  title="Global/local subtyping and capability inference for
         a distributed $\pi$-calculus",
  booktitle="25th International Colloquium on Automata, Languages, and Programming (ICALP'98)",
  LONGpublisher=SV, LONGseries=LNCS, volume=1443, LONGpages="695--706", year=1998}

@InProceedings{DeNicola99,
  author =       "R. {De Nicola} and G. Ferrari and R. Pugliese",
  title =        "Types as Specifications of Access Policies",
  booktitle =      "Secure Internet Programming 1999",
  LONGpublisher =    SV,
  LONGseries =       LNCS,
  volume =       "1603",
  LONGpages =        "117--146",
  year =         "1999"
}

% inproceedings(vanDoorn99,
%   author="L. van Doorn and M. Abadi and M. Burrows and E. Wobber",
%   title="Secure Network Objects",
%   booktitle="Secure Internet Programming 1999",
%   volume=1603,
%   LONGseries=LNCS,
%   LONGpublisher=SV,
%   LONGpages="395--412",
%   year=1999)

@inproceedings(vanDoorn96,
   author="L. van Doorn and M. Abadi and M. Burrows and E. Wobber",
   title="Secure Network Objects",
   booktitle="IEEE Symposium on Security and Privacy",
   LONGpages="211--221",
   year=1996)

@article(Birrell85,
 author = "A. D. Birrell",
 title = "Secure communication using remote procedure calls",
 journal = "ACM Transactions on Computer Systems",
 volume = 3,
 number = 1,
 year = 1985,
 LONGpages = "1--14",
 LONGpublisher = {ACM Press})

@book(Box97,
  author="D. Box",
  title="Essential {COM}",
  LONGpublisher="Addison Wesley Professional",
  year=1997)

@book(Lang02,
  author="U. Lang and R. Schreiner",
  title="Developing Secure Distributed Systems with {CORBA}",
  LONGpublisher="Artech House",
  year=2002)

@inproceedings(Eronen01,
  author="P. Eronen and P. Nikander",
  title="Decentralized {Jini} Security",
  booktitle="Proceedings of Network and Distributed System Security 2001 (NDSS2001)",
  LONGpages="161--172",
  year=2001)

@inproceedings(Balfanz00,
   author="D. Balfanz and D. Dean and M. Spreitzer",
   title="A Security Infrastructure for Distributed {Java} Applications",
   booktitle="IEEE Symposium on Security and Privacy",
   LONGpages="15--26",
   year=2000)

@unpublished(wsdl,
   author="E. Christensen and F. Curbera and G. Meredith and S. Weerawarana",
   title="Web Services Description Language {(WSDL)} 1.2",
   year=2002,
   note="At \url{http://www.w3.org/TR/2002/WD-wsdl12-20020709}")

@article(WABL94:AuthenticationTaOS,
  author="T. Wobber and M. Abadi and M. Burrows and B. Lampson",
  title="Authentication in the {Taos} Operating System",
  journal="ACM Transactions on Computer Systems",
  volume=12,
  number=1,
  LONGpages="3--32",
  year=1994)  

@article{LABW92:AuthenticationInDistributedSystemsTheoryAndPractice,
  author="B. Lampson and M. Abadi and M. Burrows and E. Wobber",
  title="Authentication in distributed systems: theory and practice",
  journal="ACM Transactions on Computer Systems",
  volume=10, number=4, year=1992, LONGpages="265--310"}

@inproceedings{Lampson71:Protection,
  author="B. Lampson",
  title="Protection",
  booktitle="Proc. 5th Princeton Conference on Information Sciences and Systems", year=1971, LONGpages="437--443",
  note="Reprinted in ACM Operating Systems Review, 8(1)18--24, 1974"}

@unpublished(CLRR02:BehavioralContracts,
  author="A. Chakrabarti and J. R. Larus and S. K. Rajamani and J. Rehof",
  title="Behavioral Contracts for Distributed Applications",
  note="Unpublished manuscript",
  year=2002)

@inproceedings{WL93:SemanticModel,
  author="T.Y.C. Woo and S.S. Lam",
  title="A Semantic Model for Authentication Protocols",
  booktitle="IEEE Symposium on Security and Privacy",
  LONGpages="178--194", year=1993}

@inproceedings{policymaker96,
  author="Matt Blaze and Joan Feigenbaum and Jacl Lacy",
  title="Decentralized Trust Management",
  booktitle="IEEE Symposium on Security and Privacy",
  LONGpages="164--173", year=1996}

@article{DY83:SecurityOfPublicKeyProtocols,
  author="D. Dolev and A.C. Yao",
  title="On the security of public key protocols",
  journal="IEEE Transactions on Information Theory",
  volume="IT--29", number=2, year=1983, LONGpages="198--208"}

@article{AG99:spi,
  author="M. Abadi and A. D. Gordon",
  title="A Calculus for Cryptographic Protocols: The Spi Calculus",
  journal=IandComp, volume=148, LONGpages="1--70", year=1999}

@inproceedings{GS01:TypingAMultilanguageIntermediateCode,
  author="A. D. Gordon and D. Syme",
  title="Typing a multi-language intermediate code",
  booktitle="ACM Symposium on Principles of Programming Languages (POPL'01)",
  year=2001, LONGpages="248--260"}

@book{SGC07:ExpertFSharp,
  author="D. Syme and A. Granicz and A. Cisternino",
  title="Expert {F\#}", LONGpublisher="Apress", year=2007}

@book(Abadi96,
   author="M. Abadi and L. Cardelli",
   title="A Theory of Objects",
   LONGpublisher=SV,
   year=1996)

@inproceedings(Sirer02,
   author="E. G. Sirer and K. Wang",
   title="An Access Control Language for Web Services",
   booktitle="Proceedings of the ACM Symposium on Access Control Models and Technologies",
   LONGpages="23--30",
   LONGpublisher=ACM,
   year=2002)

@inproceedings(IPW99:FeatherweightJava,
  author="A. Igarashi and B. Pierce and P. Wadler",
  title="{Featherweight} {Java}: A minimal core calculus for {Java} and {GJ}",
  booktitle="Object Oriented Programming: Systems, Languages and Applications (OOPSLA '99)",
  LONGpages="132--146",
  LONGpublisher=ACM,
  year=1999)

@unpublished(google,
  author="Google",
  title="{Google} {Web} {APIs} (beta)",
  note="At \url{http://www.google.com/apis}",
  month="July",
  year=2002)
 
@unpublished(security-white-paper,
  author="{IBM Corporation} and {Microsoft Corporation}",
  title="Security in a Web Services World: A Proposed Architecture and Roadmap",
  note="At \url{http://msdn.microsoft.com/library/en-us/dnwssecur/html/securitywhitepaper.asp}", 
  month="April",
  year=2002)

@inproceedings(Fournet02,
  author="C. Fournet and A. D. Gordon",
  title="Stack Inspection: Theory and Variants",
  booktitle="ACM Symposium on Principles of Programming Languages (POPL'02)",
  year=2002, LONGpages="307--318")

@article(Wallach00,
  author="D. S. Wallach and A. W. Appel and E. W. Felten",
  title="{SAFKASI}: A Security Mechanism for Language-Based Systems",
  journal="ACM Transactions on Software Engineering and Methodology",
  volume=9,
  number=4,
  LONGpages="341--378",
  year=2000)

@inproceedings(Pottier01,
  author="F. Pottier and C. Skalka and S. Smith",
  title="A Systematic Approach to Access Control",
  booktitle="European Symposium on Programming Languages and Systems (ESOP'01)",
  volume=2028,
  LONGseries=LNCS,
  LONGpages="30--45",
  LONGpublisher=SV,
  year=2001)

@inproceedings{Pottier02:ASimpleViewOfTypeSecureInformationFlow,
  author="F. Pottier",
  title="A simple view of type-secure information flow in the $\pi$-calculus",
  booktitle="IEEE Computer Security Foundations Workshop (CSFW'02)",
  year=2002, LONGpages="320--330"}

@misc            {PierceSumii00,
author       =   "B. Pierce and E. Sumii",
title        =   "Relating Cryptography and Polymorphism",
month        =   jul,
year         =   "2000",
bcp          =   yes,
}

@inproceedings{FKTT88:SecArchForCompGrids,
  author="I. Foster and C. Kesselman and G. Tsudik and S. Tuecke",
  title="A Security Architecture for Computational Grids",
  booktitle="CCS",
  LONGpages="83--92", year=1998}

@inproceedings{SW03:TheEssenceOfXML,
  author="J. Sim{\'e}on and P. Wadler",
  title="The Essence of {XML}",
  booktitle="ACM Symposium on Principles of Programming Languages (POPL'03)",
  year=2003, LONGpages="1--13"}

@misc{IbmMs02:SecurityWebServicesWorld,
  author="{IBM Corporation} and {Microsoft Corporation}",
  title="Security in a Web Services World: A Proposed Architecture and Roadmap",
  month=Apr, year=2002, note="Version 1.0"}

@misc{SDJ02:DesigningAppManagedAuthorization,
  author="C. Schoon and D. Rees and E. Jezierski",
  title="Designing Application-Managed Authorization",
  month=Dec, year=2002, note="MSDN"}

@book{MS03:BuildingSecureASPNETApplications,
  author="Microsoft Corporation",
  title="Building Secure {ASP.NET} Applications:
         Authentication, Authorization, and Secure Communication",
  year=2003}

@manual{xmlinfoset20011024,
  author="J. Cowan and R. Tobin",
  title="XML Information Set",
  note="W3C Recommendation, at
    \url{http://www.w3.org/TR/2001/REC-xml-infoset-20011024/}",
  year=2001}

@manual{x509cert,
  organization="ITU-T",
  title="Recommendation X.509 (1997 E): Information
                 Technology - Open Systems Interconnection - The
                 Directory: Authentication Framework",
  month="June",
  year=1997}

@manual{xmldsig20020212,
  author="D. Eastlake and J. Reagle and D. Solo and
          M. Bartel and J. Boyer and B. Fox and B. LaMacchia and E. Simon",
  title="{XML}-Signature Syntax and Processing",
  note="W3C Recommendation, at
    \url{http://www.w3.org/TR/2002/REC-xmldsig-core-20020212/}",
  year=2002}

@manual{xmlenccore20021210,
  author="D. Eastlake and J. Reagle and T. Imamura and
          B. Dillaway and E. Simon",
  title="XML Encryption Syntax and Processing",
  note="W3C Recommendation, at
    \url{http://www.w3.org/TR/2002/REC-xmlenc-core-20021210/}",
  year=2002}

@manual{xmlc14n20010315,
  author="J. Boyer",
  title="Canonical XML",
  note="W3C Recommendation, at
    \url{http://www.w3.org/TR/2001/REC-xml-c14n-20010315/}",
  year=2001}

@manual{xml-exc-c14n-20020718,
  author="J. Boyer and D. E. Eastlake and J. Reagle",
  title="Exclusive XML Canonicalization",
  note="W3C Recommendation, at
    \url{http://www.w3.org/TR/2002/REC-xml-exc-c14n-20020718/}",
  year=2002}

@manual(soap11,
   author="D. Box and D. Ehnebuske and G. Kakivaya and A. Layman and
           N. Mendelsohn and H. Nielsen and S. Thatte and D. Winer",
   title="Simple Object Access Protocol {(SOAP)} 1.1", year=2000,
   note="W3C Note, at \url{http://www.w3.org/TR/2000/NOTE-SOAP-20000508/}")

@manual(soap12,
  organization="W3C",
  title="SOAP Version 1.2",
  note="W3C Recommendation, at \url{http://www.w3.org/TR/soap12}",
  year=2003)

@manual{wsiSecurityScenarios,
  author="M. Davis and B. Hartman and C. Kaler and A. Nadalin and J. Schwarz",
  title="{WS--I} Security Scenarios", month=Feb, year=2004,
  note="Working Group Draft Version 0.15,
    at \url{http://www.ws-i.org/Profiles/BasicSecurity/2004-02/SecurityScenarios-0.15-WGD.pdf}"}

@unpublished(ws-security,
  author="B. Atkinson and G. Della-Libera and S. Hada and M. Hondo and
          P. Hallam-Baker and C. Kaler and J. Klein and B. LaMacchia and
          P. Leach and J. Manferdelli and H. Maruyama and 
          A. Nadalin and N. Nagaratnam and H. Prafullchandra and
          J. Shewchuk and D. Simon",
  title="Web Services Security ({WS-Security}), Version 1.0",
  note="At \url{http://msdn.microsoft.com/library/en-us/dnglobspec/html/ws-security.asp}.
           Draft submitted to OASIS Web Services Security TC",
  month="April",
  year=2002)

@manual{wss-sms-17,
  author="A. Nadalin and C. Kaler and P. {Hallam-Baker} and R. Monzillo",
  title={Web Services Security: {SOAP} Message Security},
  month=Aug, year=2003,
  note="At \url{http://www.oasis-open.org/committees/tc_home.php?wg_abbrev=wss}"}

@manual{ws-security-2004,
  author="A. Nadalin and C. Kaler and P. Hallam-Baker and R. Monzillo",
  title={OASIS Web Services Security: {SOAP} Message Security 1.0 (WS-Security 2004)},
  month=Mar, year=2004,
  note="At \url{http://www.oasis-open.org/committees/download.php/5941/oasis-200401-wss-soap-message-security-1.0.pdf}"}

@unpublished(ws-security-add,
  author="Giovanni Della-Libera and Phillip Hallam-Baker and Maryann Hondo and Chris Kaler (Editor) and Hiroshi Maruyama and Anthony Nadalin and Nataraj Nagaratnam and Hemma Prafullchandra and John Shewchuk and Kent Tamura and Hervey Wilson",
  title="Web Services Security Addendum Version 1.0",
  note="At \url{http://msdn.microsoft.com/library/en-us/dnglobspec/html/ws-security-addendum.asp}",
  month="August",
  year=2002)

@unpublished(ws-routing,
  author="Henrik Frystyk Nielsen and Satish Thatte",
  title="Web Services Routing Protocol ({WS-Routing})",
  note="At \url{http://msdn.microsoft.com/library/en-us/dnglobspec/html/ws-routing.asp}",
  month="October",
  year=2001)

@manual{wse02,
  organization="Microsoft Corporation",
  title="Web Services Enhancements for {Microsoft} {.NET}",
  note="At \url{http://msdn.microsoft.com/webservices/building/wse/default.aspx}",
  month=Dec, year=2002}

@manual{ettk03,
  organization="IBM Corporation",
  title="Emerging Technologies Toolkit",
  note="At \url{http://www.alphaworks.ibm.com/tech/ettk}",
  month=Apr, year=2003}

@manual{Winer99:xmlrpc,
  author="D. Winer",
  title="XML-RPC Specification",
  year=1999, 
  note="At \url{http://www.xmlrpc.com/spec}"}

@phdthesis{Fielding00:REST,
  author="R.T. Fielding",
  title="Architectural Styles and the Design of Network-based Software Architectures",
  school="University of California, Irvine", year=2000,
  note="At \url{http://www.ics.uci.edu/~fielding/pubs/dissertation/top.htm}"}

@manual{GGF03:OGSI,
  author="S. Tuecke and K. Czajkowski and I. Foster and J. Frey and S. Graham and
          C. Kesselman and D. Snelling and P. Vanderbilt",
  title="Open Grid Services Infrastructure (OGSI) Version 1.0",
  year=2003, 
  note="At \url{http://www.ggf.org/ogsi-wg/}"}

@misc{RFC2104:HMAC,
  author="H. Krawczyk and M. Bellare and R. Canetti",
  title="{HMAC}: Keyed-Hashing for Message Authentication",
  note="RFC 2104", year=1997}

@misc{RFC3174:SHA1,
  author="D. Eastlake and P. Jones",
  title="{US Secure Hash Algorithm 1 (SHA1)}",
  note="RFC 3174", year=2001}

@misc{RFC3447:RSA,
  author="J. Jonsson and B. Kaliski",
  title="{Public-Key Cryptography Standards (PKCS) \#1: RSA Cryptography Specifications Version 2.1}",
  note="RFC 3447", year=2003}


@misc{RFC2246:TLS,
  author="T. Dierks and C. Allen",
  title="The {TLS} Protocol: Version 1.0",
  note="RFC 2246", year=1999}

@article{SaltzerRC84:end-to-end,
  author = 	 {J. H. Saltzer and D. P. Reed and D. D. Clark},
  title = 	 {End-to-End Arguments in System Design},
  journal = 	 {ACM Transactions in Computer Systems},
  year = 	 1984,
  volume = 	 2,
  number = 	 4,
  LONGpages = 	 {277--288},
  month = 	 {November}}

@article{TFHG99:StrandSpacesProving,
  author="F.J. {Thayer F{\'a}brega} and J.C. Herzog and J.D. Guttman",
  title="Strand Spaces: Proving Security Protocols Correct",
  journal=jcs,
  volume=7, year=1999, LONGpages="191--230"}

@inproceedings{Cohen00:TAPSAFirstOrderVerifierForCryptoProtocols,
  author="E. Cohen",
  title="{TAPS}: A First-Order Verifier for Cryptographic Protocols",
  booktitle="13th IEEE Computer Security Foundations Workshop",
  year=2000, LONGpages="144--158"}

@inproceedings{Lowe97:HierarchyAuthenticationSpecs,
  author="G. Lowe",
  title="A Hierarchy of Authentication Specifications.",
  booktitle="Proceedings of 10th IEEE Computer Security Foundations Workshop, 1997",
  LONGpages="31--44",
  year=1997}

@inproceedings{Lowe96:BreakingAndFixing,
  author="G. Lowe",
  title="Breaking and fixing the {Needham}-{Schroeder} public-key protocol
         using {CSP} and {FDR}",
  booktitle="Tools and Algorithms for the Construction
             and Analysis of Systems",
  year=1996, LONGpages="147--166", LONGpublisher=SV, LONGseries=LNCS, volume=1055}

@article{Vogels03:WebServicesAreNotDistributedObjects,
  author="W. Vogels",
  title="Web services are not distributed objects",
  LONGpages="59--66", year=2003, 
  journal="IEEE Internet Computing", volume=7, number=6}

@inproceedings{JLLV04:FormalSpecificationOfAWebServicesProtocol,
  author="J. E. Johnson and D. E. Langworthy and L. Lamport and F. H. Vogt",
  title="Formal Specification of a Web Services Protocol",
  booktitle="1st International Workshop on Web Services and Formal Methods (WS-FM 2004)",
  year=2004, note="University of Pisa"}

@misc{ContentGuard:XrML20TechnicalOverview,
   author =       {ContentGuard},
   title =        {{XrML} 2.0 {T}echnical {O}verview},
   howpublished = {\url{http://www.xrml.org/}},
   year =         {2002},
   month =        Mar,
}

@book{ML84:IntuitionisticTypeTheory,
  author="P. Martin-L{\"o}f",
  title="Intuitionistic Type Theory",
  LONGpublisher="Bibliopolis", year=1984}

@article{PS96:TypingSubtypingMobileProcesses,
  author       =   "B. Pierce and D. Sangiorgi",
  title        =   "Typing and Subtyping for Mobile Processes", 
  journal      =   "Mathematical Structures in Computer Science",
  year=1996, 
  volume=6, 
  number=5, 
  LONGpages="409--454"}

@book{SW01:PiCalculusATheoryOfMobileProcesses,
  author="D. Sangiorgi and D. Walker",
  title="The $\pi$-calculus: a {T}heory of {M}obile {P}rocesses",
  year=2001, LONGpublisher="CUP"}
 
@PhdThesis{Maffei06:PhD,
  author = 	 {M. Maffei},
  title = 	 {Dynamic typing for security protocols},
  school = 	 {Universit{\`a} Ca' Foscari Venezia},
  year = 	 {2006}
}

@Unpublished{GJ02:Cryptyc,
  author = 	 {A. D. Gordon and A. S. A. Jeffrey},
  title = 	 {Cryptyc: Cryptographic Protocol Type Checker},
  note = 	 "At \url{http://cryptyc.cs.depaul.edu/}",
  year = 2002
}

@article{ABLP93:ACalculusForAccessControlInDistributedSystems,
  author="M. Abadi and M. Burrows and B. Lampson and G. Plotkin",
  title="A calculus for access control in distributed systems",
  journal=toplas,
  volume=15, number=4, year=1993, LONGpages="706--734"}

@article{JonesLiskov78,
 author = {Anita K. Jones and Barbara H. Liskov},
 title = {A language extension for expressing constraints on data access},
 journal = {Commun. ACM},
 volume = {21},
 number = {5},
 year = {1978},
 issn = {0001-0782},
 LONGpages = {358--367},
 doi = {\url{http://doi.acm.org/10.1145/359488.359493}},
 LONGpublisher = {ACM Press}
 }

@inproceedings{Abadi03:LogicInAccessControl,
  author="M. Abadi",
  title="Logic in Access Control",
  booktitle="18th IEEE Symposium on Logic in Computer Science (LICS'03)",
  LONGpages="228--233", year=2003}

@inproceedings{Abadi06-AccessControlInDCC,
  author="M. Abadi",
  title="Access Control in a Core Calculus of Dependency",
  booktitle="International Conference on Functional Programming (ICFP'06)",
  year=2006}

@incollection{Abadi07:AccessControlInDCC,
  author="M. Abadi",
  title="Access Control in a Core Calculus of Dependency",
  booktitle="Computation, Meaning, and Logic: Articles dedicated to Gordon Plotkin",
  LONGpages="5--31", year=2007, LONGpublisher="Elsevier",
  note="Volume 172 of ENTCS"}

@inproceedings{ABHR99:DCC,
  author="M. Abadi and A. Banarjee and N. Heintz and J. G. Riecke",
  title="A core calculus of dependency",
  booktitle="ACM Symposium on Principles of Programming Languages (POPL'99)",
  year=1999, LONGpages="147--160"}

@inproceedings{ZZNM01:SecureProgramPartitioning,
  title="Untrusted hosts and confidentiality: Secure program partitioning",
  booktitle="IEEE Symposium on Security and Privacy",
  year=2001}

@article{ZZNM02:SecureProgramPartitioning,
  author="S. Zdancevic and L. Zheng and N. Nystrom and A. C. Myers",
  title="Secure Program Partitioning",
  journal="Transactions on Computer Systems", volume=20, number=3, LONGpages="283--328", year=2002}

@inproceedings{z3,
   booktitle = {TACAS},
   LONGpublisher = SV,
   LONGseries    = {LNCS},
   volume    = 4963,
   year      = 2008,
   author    = {Leonardo de Moura and Nikolaj Bj{\o}rner},
   title     = {Z3: An Efficient {SMT} Solver},
   LONGpages     = {337--340}
}
%   booktitle = {Tools and Algorithms for the Construction and Analysis of Systems (TACAS'08)},

@Misc{spass,
  author =    {B. Gade and M. Keil},
  title =     {SPASS version 3.0},
  year =      1995,
  url = {http://spass.mpi-sb.mpg.de}
}



@article{H:AnAxiomaticBasisForComputerProgramming,
 author = {C. A. R. Hoare},
 title = {An axiomatic basis for computer programming},
 journal = {Commun. ACM},
 volume = {12},
 number = {10},
 year = {1969},
 LONGpages = {576--580}
 }

@inproceedings{FFGKT:SageHybridCheckingForFlexibleSpecifications,
	author = {J. Gronski and K. Knowles and A. Tomb and S. N. Freund and C. Flanagan},
	booktitle = {Scheme and Functional Programming Workshop},
	citeulike-article-id = {2082496},
	editor = {R. Findler},
	LONGpages = {93--104},
	title = {Sage: Hybrid Checking for Flexible Specifications},
	year = {2006}
}

@techreport{KTGFF07:SageUnifiedHybridCheckingForFirstClassTypesGeneralRefinementTypesDynamic,
  author = {K. Knowles and A. Tomb  and J. Gronski and S. N. Freund and C. Flanagan},
  title="Sage: Unified Hybrid Checking for First-Class Types, General Refinement Types, and Dynamic (Extended Report)",
  year=2007, month=May, institution="University of California at Santa Cruz",
  note="Available at \url{http://sage.soe.ucsc.edu/sage-tr.pdf}"}

@UNPUBLISHED{PR07:ExtendedStaticCheckingOfCallByValueFunctionalPrograms,
  author = {F. Pottier and Y. R\'egis-Gianas},
  title = {Extended Static Checking of Call-by-Value Functional Programs},
  month = JUL,
  year = 2007,
  url = {http://cristal.inria.fr/~fpottier/publis/pottier-regis-gianas-escfp.ps.gz},
  pdf = {\url{http://cristal.inria.fr/~fpottier/publis/pottier-regis-gianas-escfp.pdf}},
  note = {Draft}
 }

@book{L84:IntuitionisticTypeTheory,
	Author = {P. Martin-L{\"o}f},
	Publisher = {Bibliopolis},
	Title = {Intuitionistic type theory},
	Year = {1984}}

@manual{coq,
  key = "Coq",
  author = {{The {Coq} Development Team}},
  title = {{The Coq Proof Assistant Reference Manual -- Version V8.3}},
  year = 2011
}

@inproceedings{CK04:UnitingESC/JavaAndJML,
title = {{ESC/Java2}: Uniting {ESC/Java} and {JML}},
author = {D. R. Cok and J. Kiniry},
booktitle = {CASSIS'05},
LONGpages = {108-128},
LONGpublisher = SV,
LONGseries = {LNCS},
volume = {3362},
year = {2004}
} 


@article{FLLNSS02:ExtendedStaticCheckingForJava,
 author = {C. Flanagan and K. R. M. Leino and M. Lillibridge and G. Nelson and J. B. Saxe and R. Stata},
 title = {Extended static checking for {Java}},
 journal = {SIGPLAN Not.},
 volume = {37},
 number = {5},
 year = {2002},
 LONGpages = {234--245},
 LONGpublisher = {ACM},
 }
% issn = {0362-1340},
% address = {New York, NY, USA},

@inproceedings{BLS05:TheSpecSharpProgrammingSystem,
	author = {M. Barnett and M. Leino and W. Schulte},
	title = {The {Spec\#} Programming System: An Overview},
	booktitle = {CASSIS'05},
	month = {January},
	LONGpages = {49--69},
	priority = {5},
	LONGpublisher =SV,
	LONGseries = LNCS,
	volume = {3362},
	year = {2005},
}

@inproceedings{X06:ExtendedStaticCheckingForHaskell,
 author = {D. N. Xu},
 title = {Extended static checking for {Haskell}},
 booktitle = {ACM SIGPLAN workshop on Haskell (Haskell'06)},
 year = {2006},
 LONGpages = {48--59},
 LONGpublisher = {ACM},
 }

@inproceedings{LP05:CryptographicProtocolAnalysisOnRealCCode,
  author    = {J. Goubault-Larrecq and F. Parrennes},
  title     = {Cryptographic Protocol Analysis on Real {C} Code},
  booktitle = {VMCAI'05},
  year      = {2005},
  pages     = {363--379},
}

@inproceedings{HOP03:ImplementingAFormallyVerifiableSecurityProtocolInJavaCard,
  author    = {E. Hubbers and
               M. Oostdijk and
               E. Poll},
  title     = {Implementing a Formally Verifiable Security Protocol in
               {Java Card}},
  booktitle = {Security in Pervasive Computing},
  year      = {2003},
  LONGpages     = {213-226},
}

@INPROCEEDINGS{BCF:Crypto-VerifyingProtocolImplementationsInMl,
  ADDRESS = {Venice, Italy},
  AUTHOR = {K. Bhargavan and R. Corin and C. Fournet},
  BOOKTITLE = {{P}roceedings of the 3rd {W}orkshop on {F}ormal and {C}omputational {C}ryptography ({FCC}'07)},
  EDITOR = {M. Backes and Y. Lakhnech},
  MONTH = JUL,
  NOTE = {To appear},
  TITLE = {Crypto-Verifying Protocol Implementations in {ML}},
  YEAR = 2007,
}

@inproceedings{LZ06:EncodingInformationFlowInHaskell,
 author = {P. Li and S. Zdancewic},
 title = {Encoding Information Flow in {Haskell}},
 booktitle = {IEEE Computer Security Foundations Workshop (CSFW'06)},
 year = {2006},
 LONGpages = {16}
 }

@inproceedings{CJPR07:DoAsISaYProgrammaticAccessControlWithExplicitIdentities,
author = {A. Cirillo and R. Jagadeesan and C. Pitcher and J. Riely},
title = {{Do As I SaY!} {Programmatic} Access Control with Explicit Identities},
  booktitle="IEEE Computer Security Foundations Symposium (CSF'07)",
year = {2007},
LONGpages = {16--30}
}

@misc{B05:AComputationallySoundMechanizedProverForSecurityProtocols,
    author = {B. Blanchet},
    title = {A Computationally Sound Mechanized Prover for Security Protocols},
    howpublished = {Cryptology ePrint Archive, Report 2005/401},
    year = {2005},
}

@inproceedings{M99:JFlowPracticalMostlyStaticInformationFlowControl,
    author = "A. C. Myers",
    title = "{JFlow}: Practical Mostly-Static Information Flow Control",
    booktitle = "ACM Symposium on Principles of Programming Languages (POPL'99)",
    LONGpages = "228-241",
    year = "1999",
}


@article{PS03:InformationFlowInferenceForML,
 author = {F. Pottier and V. Simonet},
 title = {Information flow inference for {ML}},
 journal = TOPLAS,
 volume = {25},
 number = {1},
 year = {2003},
 LONGpages = {117--158},
 LONGpublisher = {ACM},
 }

@inproceedings{VZ07:ACryptographicDecentralizedLabelModel,
 author = {J. A. Vaughan and S. Zdancewic},
 title = {A Cryptographic Decentralized Label Model},
 booktitle = {IEEE Symposium on Security and Privacy},
 year = {2007},
 LONGpages = {192--206},
 address = {Washington, DC, USA},
 }

@inproceedings{PS07:VerifyingAnImplementationOfSSH,
title = {Verifying an implementation of {SSH}},
author = {E. Poll and A. Schubert},
booktitle = {WITS'07},
LONGpages = {164-177},
year = 2007},
}

@article{JJPR07:LambdaRBACProgrammingWithRoleBasedAccessControl,
title = {{Lambda-RBAC}: Programming with Role-Based Access Control},
author = {R. Jagadeesan and A. S. A. Jeffrey and C. Pitcher and J. Riely},
journal = {Logical Methods In Computer Science},
year = {2008}
} 

@Unpublished{WhyTool,
  author =       {J.-Ch. Filli\^atre},
  title =        {{Why:} a multi-language multi-prover verification condition generator},
  note =         {\url{http://why.lri.fr/}},
  year =      2003}

@inproceedings{pottier-skalka-smith-01,
  author="{Fran\,{c}ois} Pottier and Christian Skalka and Scott Smith",
  title="A Systematic Approach to Access Control",
  booktitle="Programming Languages and Systems (ESOP 2001)",
  year=2001, LONGpublisher=SV, LONGseries=LNCS, volume=2028, LONGpages="30--45",
  ABSTRACT = {The Java JDK 1.2 Security Architecture includes a
                  dynamic mechanism for enforcing access control
                  checks, so-called \emph{stack inspection}. This
                  paper studies type systems which can statically
                  guarantee the success of these checks.  We develop
                  these systems using a new, systematic methodology:
                  we show that the security-passing style translation,
                  proposed by Wallach and Felten as a \emph{dynamic}
                  implementation technique, also gives rise to
                  \emph{static} security-aware type systems, by
                  composition with conventional type systems.  To
                  define the latter, we use the general HM(X)
                  framework, and easily construct several constraint-
                  and unification-based type systems. They offer
                  significant improvements on a previous type system
                  for JDK access control, both in terms of
                  expressiveness and in terms of readability of type
                  specifications.}
}

@InProceedings{access-control-based-on-execution-history-ndss,
  author = 	 {M. Abadi and C. Fournet},
  title = 	 {Access Control based on Execution History},
  booktitle = 	 {10th Annual Network and Distributed System Symposium
                  (NDSS'03)},
  year =	 2003,
  organization = {Internet Society},
  month =	 {February}
}

@article{BlanchetAbadiFournetJLAP07,
  author = 	 {B. Blanchet and M. Abadi and C. Fournet},
  title = 	 {Automated Verification of Selected Equivalences for Security Protocols},
  LONGjournal = "Journal of Logic and Algebraic Programming",
  journal = "JLAP",
  volume = 75,
  number = 1,
  LONGpages = "3--51",
  year = 	 2008,
  dx = "http://dx.doi.org/10.1016/j.jlap.2007.06.002",
  filename = "automated-verification-of-selected-equivalences-for-security-protocols-jlap2007.pdf",
  abstract = "In the analysis of security protocols, methods and tools for
reasoning about protocol behaviors have been quite effective.  We aim
to expand the scope of those methods and tools.  We focus on proving
equivalences P ~ Q in which P and Q are two processes that differ only
in the choice of some terms.  These equivalences arise often in
applications.  We show how to treat them as predicates on the
behaviors of a process that represents P and Q at the same time.  We
develop our techniques in the context of the applied pi calculus and
implement them in the tool ProVerif."
}
%  note = "A short version appears in LICS'05",
% Volume 75, Issue 1, February-March 2008, Pages 3-51
% Algebraic Process Calculi. The First Twenty Five Years and Beyond. III)

@article{abadi96prudent,
    author = "M. Abadi and R. Needham",
    title = "Prudent Engineering Practice for Cryptographic Protocols",
    journal = "{IEEE} Transactions on Software Engineering",
    volume = "22",
    number = "1",
    LONGpages = "6--15",
    year = "1996"}


@inproceedings{bellare93random,
    author = "Mihir Bellare and Phillip Rogaway",
    title = "Random Oracles are Practical: A Paradigm for Designing Efficient Protocols",
    booktitle = "{ACM} CCS",
    LONGpages = "62-73",
    year = "1993"}

%%% ADDED FOR SECRECY 

@article{cortier2007csc,
  title={Relating two standard notions of secrecy},
  author={Cortier, V. and Rusinovitch, M. and Zalinescu, E.},
  journal={Journal reference: LMCS},
  volume={3},
  number={3},
  LONGpages={2},
  year={2007}
}

@article{pottier2003ifi,
  title={{Information flow inference for ML}},
  author={Pottier, F. and Simonet, V.},
  journal={ACM Transactions on Programming Languages and Systems (TOPLAS)},
  volume={25},
  number={1},
  LONGpages={117--158},
  year={2003},
  LONGpublisher={ACM Press New York, NY, USA}
}

@INPROCEEDINGS{swamy08air,
  AUTHOR = {Nikhil Swamy and Michael Hicks},
  TITLE = {Verified Enforcement of Automaton-based Information Release Policies},
  BOOKTITLE = {Proceedings of the ACM SIGPLAN Workshop on Programming Languages and Analysis for Security (PLAS)},
  MONTH = JUN,
  YEAR = 2008,
  PAGES = {21--32}
}

@inproceedings{sessionsv2,
  author =       "Karthikeyan Bhargavan and Ricardo Corin and Pierre-Malo D\'enielou and C\'edric Fournet and James Leifer ",
  title =        "Cryptographic Protocol Synthesis and Verification for Multiparty Sessions",
  year =         2009,
  booktitle = csf09name,
  LONGpublisher = csfpub
}

%month=jan,
@inproceedings{BFG10,
  author="K. Bhargavan and C. Fournet and A. D. Gordon",
  title = {Modular Verification of Security Protocol Code by Typing},
  booktitle = "POPL",
  pages="445--456",
  year= 2010, 
  abstract = "
  We propose a method for verifying the security of protocol
  implementations. Our method is based on declaring and enforcing invariants
  on the usage of cryptography. We develop cryptographic
  libraries that embed a logic model of their cryptographic structures and
  that specify preconditions and postconditions on their functions so as to maintain their
  invariants. We present a theory to justify the soundness of modular code
  verification via our method.

  We implement the method for protocols coded in F\# and verified using F7,
  our SMT-based typechecker for refinement types, that is, types carrying
  formulas to record invariants.  As illustrated by a LONGseries of programming
  examples, our method can flexibly deal with a range of different
  cryptographic constructions and protocols.

  We evaluate the method on a LONGseries of larger case studies of protocol code,
  previously checked using whole-program analyses based on ProVerif, a
  leading verifier for cryptographic protocols.  Our results indicate that
  compositional verification by typechecking with refinement types is more
  scalable than the best domain-specific analysis currently available for
  cryptographic code."
}

@inproceedings{COSP,
  author    = {Michael Backes and Dennis Hofheiz and Dominique Unruh},
  title     = {{CoSP}: A general framework for computational soundness proofs},
  booktitle = ccs09name,
  LONGLONGpublisher	= ccspub,
  year      = 2009
}

@inproceedings{RCFCOSP,
  author    = {Michael Backes and Matteo Maffei and Dominique Unruh},
  title     = {Computational Sound Verification of Source Code},
  booktitle = {CCS},
  LONGpublisher	= ccspub,
  year      = 2010,
}
% LONGpages = 387--398


@Unpublished{CST11,
  author =       {C\'edric Fournet},
  title =        {Cryptographic Soundness for Program Verification by Typing},
  note =         {\url{http://research.microsoft.com/~fournet/comp-f7/}}}

@Unpublished{DKM11,
  author =       {Tolga Acar and C\'edric Fournet and Dan Shumow},
  title =        {Design and Verification of a Crypto-Agile Distributed Key Manager},
  note =         {\url{http://research.microsoft.com/~fournet/dkm/}}}

@inproceedings{Bellare05introductionto,
    author = {Mihir Bellare and Phillip Rogaway},
    title = {Introduction to Modern Cryptography},
    booktitle = {UCSD CSE 207 Course Notes},
    year = {2005}
}

@inproceedings{Danielsson08,
  author = "Nils Anders Danielsson",
  title = "Lightweight Semiformal Time Complexity Analysis for Purely Functional Data Structures",
  booktitle = popl08name,
  LONGpublisher =poplpub,
  year = 2008
}

@article{KapronCook96,
  author = "B. M. Kapron and S. A. Cook",
  title = "A New Characterization of Type 2 Feasibility",
  journal =siam,
  volume = 25, 
  issue = 1,
  year = 1996
}

@inproceedings{DBLP:conf/crypto/BellareCK96,
  author    = {Mihir Bellare and
               Ran Canetti and
               Hugo Krawczyk},
  title     = {Keying Hash Functions for Message Authentication},
  LONGpages     = {1-15},
  booktitle	= crypto96name,
  LONGpublisher	= cryptopub,
  LONGseries	= lncs,
  year      = {1996}}

%  editor	= crypto96ed,
 % volume	= crypto96vol,

@article{DBLP:journals/ijisec/BackesDHK08,
  author    = {Michael Backes and
               Markus D{\"u}rmuth and
               Dennis Hofheinz and
               Ralf K{\"u}sters},
  title     = {Conditional reactive simulatability},
  journal   = {Int. J. Inf. Sec.},
  volume    = {7},
  number    = {2},
  year      = {2008},
  LONGpages     = {155-169},
  ee        = {http://dx.doi.org/10.1007/s10207-007-0046-6},
  bibsource = {DBLP, http://dblp.uni-trier.de}
}

@inproceedings{DBLP:conf/csfw/KustersT09a,
  author    = {Ralf K{\"u}sters and
               Max Tuengerthal},
  title     = {Universally Composable Symmetric Encryption},
  booktitle = {CSF},
  year      = {2009}
}

@proceedings{DBLP:conf/csfw/2009,
  title     = {Proceedings of the 22nd IEEE Computer Security Foundations
               Symposium, CSF 2009, Port Jefferson, New York, USA, July
               8-10, 2009},
  booktitle = {CSF},
  LONGpublisher = {IEEE Computer Society},
  year      = {2009},
  bibsource = {DBLP, http://dblp.uni-trier.de}
}

@article{DBLP:journals/jfp/IrwinRK01,
  author    = {Robert J. Irwin and
               James S. Royer and
               Bruce M. Kapron},
  title     = {On characterizations of the basic feasible functionals (Part
               I)},
  journal   = {J. Funct. Program.},
  volume    = {11},
  number    = {1},
  year      = {2001},
  LONGpages     = {117-153},
  bibsource = {DBLP, http://dblp.uni-trier.de}
}

@article{DBLP:journals/jfp/IrwinRK11,
  author    = {Robert J. Irwin and
               James S. Royer and
               Bruce M. Kapron},
  title     = {On characterizations of the basic feasible functionals (Part II)},
 howpublished = {\url{http://www.cs.oswego.edu/~rjirwin/research.html}}
}

@inproceedings{DBLP:conf/focs/Canetti01,
  author    = {R. Canetti},
  title     = {Universally Composable Security: A New Paradigm for Cryptographic
               Protocols},
  booktitle = {FOCS},
  year      = {2001},
  pages     = {136-145}
}

@article{DBLP:journals/iandc/BackesPW07,
  author    = {Michael Backes and
               Birgit Pfitzmann and
               Michael Waidner},
  title     = {The reactive simulatability ({RSIM}) framework for asynchronous
               systems},
  journal   = {Inf. Comput.},
  volume    = {205},
  number    = {12},
  year      = {2007},
  LONGpages     = {1685-1720},
  ee        = {http://dx.doi.org/10.1016/j.ic.2007.05.002},
  bibsource = {DBLP, http://dblp.uni-trier.de}
}

@inproceedings{kusters2006simulation,
  title={{Simulation-based security with inexhaustible interactive Turing machines}},
  author={Ralf K{\"u}sters},
  booktitle = csf06name,
  LONGpublisher = csfpub,
  LONGpages={12--320},
  year={2006},
}

@book{Gordon08,
 author = {Gordon, Andrew D.},
 title = {Functional Programming and Input/Output},
 year = {2008},
 LONGisbn = {0521070074, 9780521070072},
 LONGpublisher = {Cambridge University Press},
 address = {New York, NY, USA},
 } 

@article{DBLP:journals/jcs/HofheinzMU09,
  author    = {Dennis Hofheinz and
               J{\"o}rn M{\"u}ller-Quade and
               Dominique Unruh},
  title     = {Polynomial runtime in simulatability definitions},
  journal   = {Journal of Computer Security},
  volume    = {17},
  number    = {5},
  year      = {2009},
  LONGpages     = {703-735},
  ee        = {http://dx.doi.org/10.3233/JCS-2009-0354},
  bibsource = {DBLP, http://dblp.uni-trier.de}
}

@article {BellareC08,
   author = {Bellare, Mihir and Namprempre, Chanathip},
   title = {Authenticated Encryption: Relations among Notions and Analysis of the Generic Composition Paradigm},
   journal = joc,
   pages = {469-491},
   volume = {21},
   issue = {4},
   year = {2008}
}

@misc{cryptoeprint:2005:181,
    author = {Shai Halevi},
    title = {A plausible approach to computer-aided cryptographic proofs},
    howpublished = {Cryptology ePrint Archive, Report 2005/181},
    year = {2005},
    LONGnote = {\url{http://eprint.iacr.org/}},
}

@inproceedings{BartheGHB08:FAST,
author = {Gilles Barthe and
Benjamin Gr{\'e}goire and
Sylvain Heraud and
Santiago Zanella B{\'e}guelin},
title = {Formal Certification of {ElGamal} Encryption},
booktitle = {FAST~2008},
LONGbooktitle = {Formal Aspects in Security and Trust},
year = {2008},
LONGpages = {1-19}
} 

@inproceedings{DBLP:conf/fse/KohnoVW04,
  author    = {Tadayoshi Kohno and
               John Viega and
               Doug Whiting},
  title     = {CWC: A High-Performance Conventional Authenticated Encryption
               Mode},
  booktitle = {FSE},
  year      = {2004},
  pages     = {408-426}
}

@misc{cryptoeprint:2009:023,
    author = {Dennis Hofheinz and Dominique Unruh and J{\"o}rn M{\"u}ller-Quade},
    title = {Polynomial Runtime and Composability},
    howpublished = {Cryptology ePrint Archive, Report 2009/023},
    year = {2009},
    LONGnote = {\url{http://eprint.iacr.org/}},
}


@MISC{Benaloh94uncoerciblecommunication,
    author = {Josh Benaloh and Dwight Tuinstra},
    title = {Uncoercible Communication},
    howpublished = { Computer Science Technical Report TR-MCS-94-1, Clarkson University},
    year = {1994}
}

@inproceedings{DBLP:conf/eurocrypt/BeaverH92,
  author    = {Donald Beaver and
               Stuart Haber},
  title     = {Cryptographic Protocols Provably Secure Against Dynamic
               Adversaries},
  booktitle = {EUROCRYPT},
  year      = {1992},
  pages     = {307-323},
  bibsource = {DBLP, http://dblp.uni-trier.de}
}

@inproceedings{DBLP:conf/eurocrypt/CanettiDDIM01,
  author    = {Ran Canetti and
               Ivan Damg{\aa}rd and
               Stefan Dziembowski and
               Yuval Ishai and
               Tal Malkin},
  title     = {On Adaptive vs. Non-adaptive Security of Multiparty Protocols},
  booktitle = {Advances in Cryptology--EUROCRYPT'01},
  series    = {LNCS},
  pages     = {262-279},
  volume    = {2045},
  year      = {2001},
}

@inproceedings{DBLP:conf/crypto/Beaver97,
  author    = {Donald Beaver},
  title     = {Plug and Play Encryption},
  booktitle = {Advances in Cryptology--CRYPTO'97},
  series    = {LNCS},
  volume    = {1294},
  year      = {1997},
  pages     = {75--89},
}


@inproceedings{DBLP:conf/ctrsa/BellareY03,
  author    = {Mihir Bellare and
               Bennet S. Yee},
  title     = {Forward-Security in Private-Key Cryptography},
  booktitle = {CT-RSA},
  year      = {2003},
  pages     = {1-18},
}

@proceedings{DBLP:conf/ctrsa/2003,
  editor    = {Marc Joye},
  title     = {Topics in Cryptology - CT-RSA 2003, The Cryptographers'
               Track at the RSA Conference 2003, San Francisco, CA, USA,
               April 13-17, 2003, Proceedings},
  booktitle = {CT-RSA},
  series    = {LNCS},
  volume    = {2612},
  year      = {2003},
  isbn      = {3-540-00847-0},
  bibsource = {DBLP, http://dblp.uni-trier.de}
}

@InProceedings{rpcfosad,
  author =       {C\'edric Fournet and Karthik Bhargavan and A.D. Gordon},
  title =        {Cryptographic Verification of Protocol Implementations by Typechecking},
  booktitle = {FOSAD lecture notes},
  year =      2011,
  series =    {LNCS}
}

@InProceedings{easycrypt2011,
  author = {Gilles Barthe and Benjamin Gregoire and Sylvain Heraud and Santiago {Zanella B\'eguelin}},
  title={Computer-Aided Security Proofs for the Working Cryptographer},
  booktitle	= crypto11name,
  series	= lncs,
  publisher	= cryptopub,
  year = 2011
}

@inproceedings{DBLP:conf/icalp/DattaDMST05,
  author    = {Anupam Datta and
               Ante Derek and
               John C. Mitchell and
               Vitaly Shmatikov and
               Mathieu Turuani},
  title     = {Probabilistic Polynomial-Time Semantics for a Protocol Security
               Logic},
  booktitle = icalp05name,
  LONGpublisher = icalppub,
  LONGseries = lncs,
  year      = {2005},
  LONGpages     = {16-29},
  bibsource = {DBLP, http://dblp.uni-trier.de}
}

@ARTICLE{Cramer01designand,
    author = {Ronald Cramer and Victor Shoup},
    title = {Design and Analysis of Practical Public-Key Encryption Schemes Secure against Adaptive Chosen Ciphertext Attack},
    journal = siam,
    year = {2001},
    volume = {33},
    LONGpages = {167--226}
}

@inproceedings {shoup2000,
   author = {Shoup, Victor},
   title = {Using Hash Functions as a Hedge against Chosen Ciphertext Attack},
   booktitle = {Advances in Cryptology--EUROCRYPT'00},
   pages = {275-288},
   year = {2000}
}

@book{book:moderncrypto,
 author = {Wenbo Mao},
 title = {Modern Cryptography: Theory and Practice},
 year = {2003},
 hiddenisbn = {0130669431},
 LONGpublisher = {Prentice Hall Professional Technical Reference},
 }

@book{book:markovchains,
 author = {Holger Hermanns},
 title = {Interactive Markov Chains: The Quest for Quantified Quality},
 year = {2002},
 hiddenisbn = {0302-9743},
}

@inproceedings{holger07:wpb,
 author = {Christel Baier and Holger Hermanns},
 title = {Weak Bisimulation for Fully Probabilistic Processes},
 booktitle = {CAV '97: Proceedings of the 9th International Conference on Computer Aided Verification},
 year = {1997},
 hiddenisbn = {3-540-63166-6},
 LONGpages = {119--130},
 LONGpublisher = SV,
 address = {London, UK},
 }

@article{gol:mic:rog:88,
 author="Shafi Goldwasser and Silvio Micali and Ronald Rivest",
 title="A Digital Signature Scheme Secure Against Adaptive Chosen-Message
   Attack",
 year = 1988,
 journal=siam,
 volume = 17,
 number = 2,
 LONGpages = "281--308"
}

@inproceedings{bel:bol:mic:00,
author ={Mihir Bellare and Alexandra Boldyreva and Silvio Micali},
title = "Public-key encryption in a multi-user setting : Security proofs and improvements",
booktitle = "EUROCRYPT", 
LONGpages = "259--274", 
year =  2000
}

@inproceedings{rsaoaepsecure,
author = {Eiichiro Fujisaki and Tatsuaki Okamoto and David Pointcheval and Jacques Stern},
title = "{RSA}-{OAEP} is secure under the {RSA} assumption.",
booktitle = "Advances in Cryptology--CRYPTO'01",
LONGseries = LNCS,
volume = 2139,
year= 2001}

@INPROCEEDINGS{bel:des:poi:rog:98,
  author =       {Mihir Bellare and Anand Desai and David Pointcheval and
    P. Rogaway},
  fullauthor =   {Mihir Bellare and Anand Desai and David Pointcheval
    and Phillip Rogaway},
  title =        {Relations Among Notions of Security for Public-Key
    Encryption Schemes},
  LONGpages =        {26--45},
  xnote =     {Full version available at
    \texttt{http://www.cs.ucsd.edu/users/mihir/papers/relations.html}},
  crossref =     {CRYPTO:98}
}

@ARTICLE{gol:mic:84,
  author =       {S. Goldwasser and S. Micali},
  fullauthor =   {Shafi Goldwasser and Silvio Micali},
  title =        {Probabilistic Encryption},
  journal =      {Journal of Computer and Systems Sciences},
  year =         1984,
  volume =       28,
  number =       2,
  LONGpages =        {270--299},
  month =        apr,
  xnote =         {Preliminary version presented at {STOC'82}}}
}

@INPROCEEDINGS{rac:sim:91,
  author =       {Charles Rackoff and Daniel R. Simon},
  title =        {Non-Interactive Zero-Knowledge Proof of Knowledge and
    Chosen Ciphertext Attack},
  LONGpages =        {433--444},
  booktitle	= crypto91name,
  LONGpublisher	= cryptopub,
  LONGseries	= lncs,
  year = 1991
}

% booktitle =    {Advances in Cryptology - CRYPTO'98},
%  editor =       {H. Krawczyk},
%  fulleditor =   {Hugo Krawczyk},
@PROCEEDINGS{CRYPTO:98,
  booktitle =    {CRYPTO'98},
  year =         1998,
  LONGpublisher =    SV,
  volume =       1462,
  LONGseries =       LNCS,
  xxaddress =      {Santa Barbara, CA, USA},
  month =        aug
}

%  booktitle =    {Advances in Cryptology - CRYPTO'91},
@PROCEEDINGS{CRYPTO:91,
  booktitle =    {CRYPTO'91},
  year =         1991,
  LONGpublisher =    SV,
  volume =       576,
  LONGseries =       LNCS,
  xxaddress =      {Santa Barbara, CA, USA},
  xxmonth =        {August 11--15}
}
%  editor =       {J. Feigenbaum},
%  fulleditor =   {Joan Feigenbaum},

@inproceedings   (Abadi:protection,
author       =   "Mart\'{\i}n Abadi",
title        =   "Protection in programming-language translations",
LONGpages        =   "868--883",
booktitle    =   "25th International Colloquium on
                  Automata, Languages and Programming",
LONGpublisher    =   SV,
LONGseries       =   LNCS,
volume       =   1443,
year         =   1998
)

% organization = "ACM",
@inproceedings(AbadiFournetGonthier:auth,
 author = "Mart\'{\i}n Abadi and C\'edric Fournet and Georges Gonthier",
 title = "Authentication primitives and their compilation",
 booktitle =    "27th ACM Symposium on Principles of Programming
                 Languages",
 year = 2000,
 month = jan,
 LONGpages=        "302--315",
 url= "\url{http://www.acm.org/pubs/articles/proceedings/plan/325694/p302-abadi/p302-abadi.pdf}"
)

@Unpublished{AF05:draft,
  author =       {Pedro Ad{\~a}o and C\'edric Fournet},
  title =        {Cryptographically Sound Implementations for Communicating Processes}, 
  note =         {At \url{http://research.microsoft/com/~fournet/crypto-sound-processes-draft.pdf}.},
  year =         2006
}

@article{AbadiFournetGonthier-secure-channels-ic,
 author = "Mart\'{\i}n Abadi and C\'edric Fournet and Georges Gonthier",
 title = "Secure Implementation of Channel Abstractions",
  journal = ic,
  year =     2002,
  volume =   174,
  month = apr,
  number= 1,
  LONGpages =    {37--83}
}

@ARTICLE{aba:rog:02,
  AUTHOR =       {Mart\'in Abadi and Phillip Rogaway},
  FULLAUTHOR =   {Mart\'{\i}n Abadi and Phillip Rogaway},
  TITLE =        {Reconciling Two Views of Cryptography
    (The Computational Soundness of Formal Encryption)},
  JOURNAL =      joc,
  YEAR =         {2002},
  volume =       {15},
  number =       {2},
  LONGpages =        {103--127}
}


@inproceedings{sangiorgi:local,
   author = {Massimo Merro and Davide Sangiorgi},
booktitle    =   "25th International Colloquium on
                  Automata, Languages and Programming",
   title = {On asynchrony in name-passing calculi},
LONGpublisher    =   SV,
LONGseries       =   LNCS,
volume       =   1443,
year         =   1998,
LONGpages = {856--867}
}

@article{Abadi02c,
  author = 	 {Mart{\'\i}n Abadi and Bruno Blanchet},
  title = 	 {Secrecy types for asymmetric communication},
  journal = 	 {Theoretical Computer Science},
  year = 	 2003,
  volume = 	 298,
  number = 	 3,
  LONGpages = 	 {387--415},
  month =	 apr,
  editor = 	 {F. Honsell and M. Miculan}
}
@article{DBLP:journals/iandc/CardelliGG05,
  author    = {Luca Cardelli and
               Giorgio Ghelli and
               Andrew D. Gordon},
  title     = {Secrecy and group creation.},
  JOURNAL =      {Information and Computation},
  volume    = {196},
  number    = {2},
  year      = {2005},
  LONGpages     = {127-155},
  ee        = {http://dx.doi.org/10.1016/j.ic.2004.08.003},
  bibsource = {DBLP, http://dblp.uni-trier.de}
}
@ARTICLE{aba:gor:99,
  AUTHOR =       {M. Abadi and A. D. Gordon},
  FULLAUTHOR =   {Mart\'{\i}n Abadi and Andrew D. Gordon},
  TITLE =        {A Calculus for Cryptographic Protocols: The Spi
    Calculus},
  JOURNAL =      {Information and Computation},
  YEAR =         {1999},
  volume =       {148},
  number =       {1},
  LONGpages =        {1--70}
}


@PROCEEDINGS{TCC:04,
  BOOKTITLE =    {1st Theory of Cryptography
    Conference (TCC)},
  YEAR =         {2004},
  LONGpublisher =    SV,
  volume =       2951,
  LONGseries =       LNCS,
  month =        feb
}
@ARTICLE{bac:pfi:wai:05,
  AUTHOR =       {Michael Backes and Birgit Pfitzmann and Michael Waidner},
   TITLE =        {Symmetric Authentication within a Simulatable
    Cryptographic Library},
  JOURNAL =      {International Journal of Information Security},
  YEAR =         {2005},
  volume =       {4},
  number =       {3},
  LONGpages =        {135--154}
}

@INPROCEEDINGS{mic:war:04b,
  AUTHOR =       {D. Micciancio and B. Warinschi},
  FULLAUTHOR =   {Daniele Micciancio and Bogdan Warinschi},
  TITLE =        {Soundness of Formal Encryption in the Presence of
    Active Adversaries},
  LONGpages =        {133--151},
  BOOKTITLE =    {1st Theory of Cryptography
    Conference (TCC)},
  YEAR =         {2004}
}

@inproceedings{bac:05,
  author = "M. Backes and B. Pfitzmann",
  title = "Relating symbolic and cryptographic secrecy",
  booktitle = "IEEE Symposium on Security and Privacy",
  LONGpages = {171--182}, 
  year = 2005 }

@article{GJ04:TypesEffects,
  author = 	 {A. D. Gordon and A. S. A. Jeffrey},
  title = 	 {Types and Effects for Asymmetric Cryptographic Protocols},
  journal = 	 jcs,
  year = 	 {2004},
  volume =       {12},
  number =       {3/4},
  LONGpages =        {435--484},
  hiddenurl = 	 {http://cm.bell-labs.com/who/ajeffrey/papers/jcs04.pdf}
}

@inproceedings{DBLP:conf/esop/FournetGM05,
  author    = {C{\'e}dric Fournet and
               Andrew D. Gordon and
               Sergio Maffeis},
  title     = {A Type Discipline for Authorization Policies},
  booktitle     = {14th European Symposium
               on Programming},
  LONGseries    = lncs,
  volume    = 3444,
  year      = 2005,
  LONGpages     = {141-156}
}
%  editor    = {Shmuel Sagiv},


@InProceedings{CanettiKrawczyk:SecureChannels,
  author =       {Ran Canetti and Hugo Krawczyk},
  title =        {Analysis of Key-Exchange Protocols and Their Use for Building Secure Channels},
  booktitle =    {Encrocrypt 2001},
  year =         2001,
  volume =       2045
}

@inproceedings{lau:05,
  author    =    {Peeter Laud},
  title     =    {Secrecy Types for a Simulatable Cryptographic
    Library},
  LONGpages     =    {26--35},
  booktitle = ccs09name,
  LONGpublisher	= ccspub,
  year=2005
}
%  note = {Also Research Report IT-LU-O-162-050823, Cybernetica, Aug. 2005}

@inproceedings{laud01semantics,
    author = "Peeter Laud",
    title = "Semantics and Program Analysis of Computationally Secure Information Flow",
    LONGseries = LNCS,
  booktitle =esop01name,
    month = apr,
    volume = "2028",
    LONGpublisher = esoppub,
    year = "2001",
    hiddenurl = "citeseer.ist.psu.edu/laud01semantics.html" }
%  booktitle = "Programming Languages and Systems: 10th European Symposium on Programming (ESOP 2001)",
%    LONGpages = "77+",


@INPROCEEDINGS{bac:pfi:wai:03,
  AUTHOR =       {M. Backes and B. Pfitzmann and M. Waidner},
  FULLAUTHOR =   {Michael Backes and Birgit Pfitzmann and Michael
    Waidner},
  TITLE =        {A Composable Cryptographic Library with Nested
    Operations},
  BOOKTITLE =    {10th {ACM} Conference on Computer
    and Communications Security},
LONGpages =        {220--230},
  YEAR =         2003
}
@inproceedings{backes05quantifying,
  author       = {Backes, Michael},
  title        = {Quantifying Probabilistic Information Flow in Computational Reactive Systems},
  booktitle    = {ESORICS'05},
  LONGseries       = LNCS,
  volume       = 3679,
  month        = sep,
  year         = 2005,
  LONGpublisher    = SV,
  LONGpages        = {336-354}
}
%  booktitle    = {10th European Symposium on Research in Computer Security (ESORICS)},

@inproceedings{AdaoFournet-icalp06,
  author =   {Pedro Ad{\~a}o and C{\'e}dric Fournet},
  title =        {Cryptographically Sound Implementations for
    Communicating Processes (Extended Abstract)},
  crossref =     {ICALP:06},
  year = 2006,
  LONGpages = "83--94",
  cfnote = "m7 06-06-08 from lncs preprint 06-04-17 Draft technical report available at \url{http://research.microsoft/com/~fournet/crypto-sound-processes-draft.pdf}",
  abstract = "  We design a core language of principals running distributed programs
  over a public network.
  Our language is a variant of the pi calculus, with secure
  communications, mobile names, and high-level certificates, but
  without any explicit cryptography.
  Within this language, security properties can be conveniently studied
  using trace properties and observational equivalences, even in the
  presence of an arbitrary (abstract) adversary.

  With some care, these security properties can be achieved in a
  concrete setting, relying instead on standard cryptographic
  primitives and computational assumptions, even in the presence of an
  adversary modeled as an arbitrary probabilistic polynomial-time
  algorithm.  To this end, we develop a cryptographic implementation
  that preserves all properties for all safe programs.  We give a
  LONGseries of soundness and completeness results that precisely relate
  the language to its implementation.  We also illustrate our approach
  using a LONGseries of protocols and properties expressible in our
  language, and motivate some unusual design choices.
"
}

%  editor = "M. Bugliesi et al.",
%  address =      {Venice, Italy},
%  month =        {July 9--16}
%(ICALP 2006), Part II
@proceedings{ICALP:06,
  booktitle =    {33rd International Colloquium
    on Automata, Languages and Programming },
  year =         2006,
  LONGpublisher =    SV,
  LONGseries =       LNCS,
  volume = 4052,
  month =        jul
}

@inproceedings{AbadiCorinFournet-aplas06,
  author = {Mart\'{\i}n Abadi and Ricardo Corin and C\'edric Fournet},
  title= "Computational Secrecy by Typing for the {Pi} Calculus",
  crossref = {APLAS:06},
  LONGpages = "253--269",
  abstract = 
"We define and study a distributed cryptographic implementation for an
asynchronous pi calculus. At the source level, we adapt  simple type
systems designed for establishing formal secrecy properties. We show
that those secrecy properties have counterparts in the implementation,
not formally but at the level of bitstrings, and with respect to
probabilistic polynomial-time active adversaries. We rely on compilation to a
typed intermediate language with a fixed scheduling strategy. While we
exploit interesting, previous theorems for that intermediate language,
our result appears to be the first computational soundness theorem for
a  standard process calculus with  mobile channels."
}

%  editor = "N. Kobayashi",
%  booktitle = {Programming Languages and Systems 4th Asian Symposium (APLAS 2006)},
@proceedings{APLAS:06,
  booktitle = {APLAS'06},
  year =         2006,
  LONGpublisher =    SV,
  LONGseries =       LNCS,
  volume = 4279,
  month = nov}
  
@article{chong2007swa,
  title={{Secure web application via automatic partitioning}},
  author={Chong, S. and Liu, J. and Myers, A.C. and Qi, X. and Vikram, K. and Zheng, L. and Zheng, X.},
  journal={Proceedings of twenty-first ACM SIGOPS symposium on Operating systems principles},
  LONGpages={31--44},
  year={2007},
  LONGpublisher={ACM Press New York, NY, USA}
}


@article{SumiiPierce01,
  author = {Eijiro Sumii and Benjamin C. Pierce},
  title = {Logical Relations for Encryption},
  journal =jcs,
  year = {2003},
  volume = {11},
  number = {4},
  LONGpages = {521--554},
}


@INPROCEEDINGS{swamy08fable,
  AUTHOR = {Nikhil Swamy and Brian Corcoran and Michael Hicks},
  TITLE = {Fable: A Language for Enforcing User-defined Security Policies},
  BOOKTITLE = {Proceedings of the {IEEE} Symposium on Security and Privacy (Oakland)},
  MONTH = MAY,
  YEAR = 2008,
  PAGES = {369--383}
}

@inproceedings{OAEP,
  author = "M. Bellare and P. Rogaway",
  title = "Optimal Asymmetric Encryption",
  booktitle = "Advances in Cryptology--EUROCRYPT'94",
  year = 1994,
  pages = "92--111"
}

@article{DBLP:journals/jcs/RoyDDM10,
  author    = {Arnab Roy and
               Anupam Datta and
               Ante Derek and
               John C. Mitchell},
  title     = {Inductive trace properties for computational security},
  journal   = jcs,
  volume    = {18},
  number    = {6},
  year      = {2010},
  pages     = {1035-1073}
}

@article{DBLP:journals/tissec/BellareKN04,
  author    = {Mihir Bellare and
               Tadayoshi Kohno and
               Chanathip Namprempre},
  title     = {Breaking and provably repairing the {SSH} authenticated encryption
               scheme: A case study of the Encode-then-Encrypt-and-MAC
               paradigm},
  journal   = {ACM Trans. Inf. Syst. Secur.},
  volume    = {7},
  number    = {2},
  year      = {2004},
  pages     = {206-241}
}

@article{DBLP:journals/tissec/RogawayBB03,
  author    = {Phillip Rogaway and
               Mihir Bellare and
               John Black},
  title     = {OCB: A block-cipher mode of operation for efficient authenticated
               encryption},
  journal   = {ACM Trans. Inf. Syst. Secur.},
  volume    = {6},
  number    = {3},
  year      = {2003},
  pages     = {365-403}
}

@inproceedings{DBLP:conf/eurocrypt/AnB01,
  author    = {Jee Hea An and
               Mihir Bellare},
  title     = {Does Encryption with Redundancy Provide Authenticity?},
  booktitle = {EUROCRYPT},
  year      = {2001},
  pages     = {512-528},
  crossref  = {DBLP:conf/eurocrypt/2001},
  bibsource = {DBLP, http://dblp.uni-trier.de}
}

@proceedings{DBLP:conf/eurocrypt/2001,
  editor    = {Birgit Pfitzmann},
  title     = {Advances in Cryptology - EUROCRYPT 2001, International Conference
               on the Theory and Application of Cryptographic Techniques,
               Innsbruck, Austria, May 6-10, 2001, Proceeding},
  booktitle = {EUROCRYPT},
  LONGseries    = {LNCS},
  series = {LNCS},
  volume    = {2045},
  year      = {2001},
  LONGisbn      = {3-540-42070-3},
  bibsource = {DBLP, http://dblp.uni-trier.de}
}




@inproceedings{DBLP:conf/ccs/BellareKN02,
  author    = {Mihir Bellare and
               Tadayoshi Kohno and
               Chanathip Namprempre},
  title     = {Authenticated encryption in {SSH}: provably fixing the {SSH} binary packet protocol},
  booktitle = {CCS},
  year      = {2002},
  pages     = {1-11},
  ee        = {http://doi.acm.org/10.1145/586110.586112},
  crossref  = {DBLP:conf/ccs/2002},
  bibsource = {DBLP, http://dblp.uni-trier.de}
}

@proceedings{DBLP:conf/ccs/2002,
  editor    = {Vijayalakshmi Atluri},
  title     = {Proceedings of the 9th ACM Conference on Computer and Communications
               Security, CCS 2002, Washington, DC, USA, November 18-22,
               2002},
  booktitle = {ACM CCS},
  publisher = {ACM},
  year      = {2002},
  LONGisbn      = {1-58113-612-9},
  bibsource = {DBLP, http://dblp.uni-trier.de}
}

@proceedings{DBLP:conf/asiacrypt/2000,
  editor    = {Tatsuaki Okamoto},
  title     = {Advances in Cryptology - ASIACRYPT 2000, 6th International
               Conference on the Theory and Application of Cryptology and
               Information Security, Kyoto, Japan, December 3-7, 2000,
               Proceedings},
  booktitle = {ASIACRYPT},
  LONGseries    = {LNCS},
  series = {LNCS},
  volume    = {1976},
  year      = {2000},
  LONGisbn      = {3-540-41404-5},
  bibsource = {DBLP, http://dblp.uni-trier.de}
}


@inproceedings{DBLP:conf/crypto/BellareK11,
  author    = {Mihir Bellare and
               Sriram Keelveedhi},
  title     = {Authenticated and Misuse-Resistant Encryption of Key-Dependent
               Data},
  booktitle = {CRYPTO},
  year      = {2011},
  pages     = {610-629},
  crossref  = {DBLP:conf/crypto/2011},
  bibsource = {DBLP, http://dblp.uni-trier.de}
}

@proceedings{DBLP:conf/crypto/2011,
  editor    = {Phillip Rogaway},
  title     = {Advances in Cryptology - CRYPTO 2011 - 31st Annual Cryptology
               Conference, Santa Barbara, CA, USA, August 14-18, 2011.
               Proceedings},
  booktitle = {CRYPTO},
  LONGseries    = {LNCS},
  series = {LNCS},
  volume    = {6841},
  year      = {2011},
  LONGisbn      = {978-3-642-22791-2},
  ee        = {http://dx.doi.org/10.1007/978-3-642-22792-9},
  bibsource = {DBLP, http://dblp.uni-trier.de}
}

@inproceedings{DBLP:conf/indocrypt/McGrewV04,
  author    = {David A. McGrew and
               John Viega},
  title     = {The Security and Performance of the Galois/Counter Mode
               (GCM) of Operation},
  booktitle = {INDOCRYPT 2004},
  year      = {2004},
  pages     = {343-355},
  ee        = {http://springerlink.metapress.com/openurl.asp?genre=article{\&}issn=0302-9743{\&}volume=3348{\&}spage=343},
  LONGcrossref  = {DBLP:conf/indocrypt/2004},
  bibsource = {DBLP, http://dblp.uni-trier.de}
}

@inproceedings{DBLP:conf/fse/BellareRW04,
  author    = {Mihir Bellare and
               Phillip Rogaway and
               David Wagner},
  title     = {The {EAX} Mode of Operation},
  booktitle = {FSE 2004},
  year      = {2004},
  pages     = {389-407}
}

@inproceedings{DBLP:conf/vmcai/Cortier09,
  author    = {V{\'e}ronique Cortier},
  title     = {Verification of Security Protocols},
  booktitle = {VMCAI},
  year      = {2009},
  pages     = {5-13},
  crossref  = {DBLP:conf/vmcai/2009},
  bibsource = {DBLP, http://dblp.uni-trier.de}
}

@proceedings{DBLP:conf/vmcai/2009,
  editor    = {Neil D. Jones and
               Markus M{\"u}ller-Olm},
  title     = {Verification, Model Checking, and Abstract Interpretation,
               10th International Conference, VMCAI 2009, Savannah, GA,
               USA, January 18-20, 2009. Proceedings},
  booktitle = {VMCAI},
  LONGseries    = {LNCS},
  series = {LNCS},
  volume    = {5403},
  year      = {2009},
  LONGisbn      = {978-3-540-93899-6},
  ee        = {http://dx.doi.org/10.1007/978-3-540-93900-9},
  bibsource = {DBLP, http://dblp.uni-trier.de}
}

@article{DBLP:journals/jcs/MicciancioW04,
  author    = {Daniele Micciancio and
               Bogdan Warinschi},
  title     = {Completeness Theorems for the {Abadi-Rogaway} Language of
               Encrypted Expressions},
  journal   = {Journal of Computer Security},
  volume    = {12},
  number    = {1},
  year      = {2004},
  pages     = {99-130},
  ee        = {http://iospress.metapress.com/content/tm9y6hec3641mt5c/},
  bibsource = {DBLP, http://dblp.uni-trier.de}
}

@article{DBLP:journals/jcs/BackesPS08,
  author    = {Michael Backes and
               Birgit Pfitzmann and
               Andre Scedrov},
  title     = {Key-dependent message security under active attacks - BRSIM/UC-soundness
               of Dolev-Yao-style encryption with key cycles},
  journal   = {Journal of Computer Security},
  volume    = {16},
  number    = {5},
  year      = {2008},
  pages     = {497-530},
  ee        = {http://dx.doi.org/10.3233/JCS-2008-0332},
  bibsource = {DBLP, http://dblp.uni-trier.de}
}



@inproceedings{DBLP:conf/ctrsa/KustersT11,
  author    = {Ralf K{\"u}sters and
               Max Tuengerthal},
  title     = {Ideal Key Derivation and Encryption in Simulation-Based
               Security},
  booktitle = {CT-RSA 2011},
  year      = {2011},
  pages     = {161-179}
}

@proceedings{DBLP:conf/ctrsa/2011,
  editor    = {Aggelos Kiayias},
  title     = {Topics in Cryptology - CT-RSA 2011 - The Cryptographers'
               Track at the RSA Conference 2011, San Francisco, CA, USA,
               February 14-18, 2011. Proceedings},
  booktitle = {CT-RSA},
  LONGseries    = {LNCS},
  series = {LNCS},
  volume    = {6558},
  year      = {2011},
  LONGisbn      = {978-3-642-19073-5},
  ee        = {http://dx.doi.org/10.1007/978-3-642-19074-2},
  bibsource = {DBLP, http://dblp.uni-trier.de}
}

@inproceedings{DBLP:conf/csfw/BackesP04,
  author    = {Michael Backes and
               Birgit Pfitzmann},
  title     = {{Symmetric Encryption in a Simulatable Dolev-Yao Style Cryptographic
               Library}},
  booktitle = {CSFW},
  year      = {2004},
  pages     = {204-218},
}

@proceedings{DBLP:conf/csfw/2004,
  title     = {17th IEEE Computer Security Foundations Workshop, (CSFW-17
               2004), 28-30 June 2004, Pacific Grove, CA, USA},
  booktitle = {CSFW},
  publisher = {IEEE Computer Society},
  year      = {2004},
  LONGisbn      = {0-7695-2169-X},
  bibsource = {DBLP, http://dblp.uni-trier.de}
}

@inproceedings{DBLP:conf/ccs/Comon-LundhC08,
  author    = {Hubert Comon-Lundh and
               V{\'e}ronique Cortier},
  title     = {Computational soundness of observational equivalence},
  booktitle = {CCS},
  year      = {2008},
  pages     = {109-118},
  ee        = {http://doi.acm.org/10.1145/1455770.1455786},
  crossref  = {DBLP:conf/ccs/2008},
  bibsource = {DBLP, http://dblp.uni-trier.de}
}

@proceedings{DBLP:conf/ccs/2008,
  editor    = {Peng Ning and
               Paul F. Syverson and
               Somesh Jha},
  title     = {Proceedings of the 2008 ACM Conference on Computer and Communications
               Security, CCS 2008, Alexandria, Virginia, USA, October 27-31,
               2008},
  booktitle = {ACM CCS},
  publisher = {ACM},
  year      = {2008},
  LONGisbn      = {978-1-59593-810-7},
  bibsource = {DBLP, http://dblp.uni-trier.de}
}

@inproceedings{DBLP:conf/provsec/GajekMPSS08,
  author    = {Sebastian Gajek and
               Mark Manulis and
               Olivier Pereira and
               Ahmad-Reza Sadeghi and
               J{\"o}rg Schwenk},
  title     = {Universally Composable Security Analysis of {TLS}},
  booktitle = {ProvSec},
  year      = {2008},
  pages     = {313-327}
}

@proceedings{DBLP:conf/provsec/2008,
  editor    = {Joonsang Baek and
               Feng Bao and
               Kefei Chen and
               Xuejia Lai},
  title     = {Provable Security, Second International Conference, ProvSec
               2008, Shanghai, China, October 30 - November 1, 2008. Proceedings},
  booktitle = {ProvSec},
  LONGseries    = {LNCS},
  series = {LNCS},
  volume    = {5324},
  year      = {2008},
  LONGisbn      = {978-3-540-88732-4},
  bibsource = {DBLP, http://dblp.uni-trier.de}
}

@inproceedings{DBLP:conf/ccs/KustersT11,
  author    = {Ralf K{\"u}sters and
               Max Tuengerthal},
  title     = {Composition theorems without pre-established session identifiers},
  booktitle = {CCS},
  year      = {2011},
  pages     = {41-50}
}

@inproceedings{DBLP:conf/eurocrypt/RogawayS06,
  author    = {Phillip Rogaway and
               Thomas Shrimpton},
  title     = {A Provable-Security Treatment of the Key-Wrap Problem},
  booktitle = {EUROCRYPT},
  year      = 2006,
  pages     = {373-390},
  bibsource = {DBLP, http://dblp.uni-trier.de},
  series    = {LNCS},
  volume    = 4004
}


 
 @inproceedings{PRS11,
  author    = {Kenneth G. Paterson and
               Thomas Ristenpart and
               Thomas Shrimpton},
  title     = {Tag Size Does Matter: Attacks and Proofs for the {TLS} Record
               Protocol},
  booktitle = {ASIACRYPT},
  year      = {2011},
  pages     = {372-389}
}

@inproceedings{stark2012case,
  title={{The case for prefetching and prevalidating TLS server certificates}},
  author={Stark, Emily and Huang, Lin-Shung and Israni, Dinesh and Jackson, Collin and Boneh, Dan},
  booktitle={NDSS},
  year={2012}
}

@inproceedings{alfardan2013lucky,
  title={Lucky thirteen: breaking the {TLS} and {DTLS} record protocols},
  author={AlFardan, Nadhem J and Paterson, Kenneth G},
	booktitle={IEEE Symposium on Security and Privacy}, 
  year={2013}
}

@proceedings{DBLP:conf/asiacrypt/2011,
  editor    = {Dong Hoon Lee and
               Xiaoyun Wang},
  title     = {Advances in Cryptology - ASIACRYPT 2011 - 17th International
               Conference on the Theory and Application of Cryptology and
               Information Security, Seoul, South Korea, December 4-8,
               2011. Proceedings},
  booktitle = {ASIACRYPT},
  LONGseries    = {LNCS},
  series = {LNCS},
  volume    = {7073},
  year      = {2011},
  LONGisbn      = {978-3-642-25384-3},
  ee        = {http://dx.doi.org/10.1007/978-3-642-25385-0},
  bibsource = {DBLP, http://dblp.uni-trier.de}
}


@inproceedings{alfardan2013security,
  title={{On the Security of RC4 in TLS}},
  author={AlFardan, Nadhem and Bernstein, Dan and Paterson, Kenny and Poettering, Bertram and Schuldt, Jacob},
  booktitle={USENIX Security},
  year={2013}
}

@misc{cryptoeprint:2011:219,
    author = {Tibor Jager and Florian Kohlar and Sven Sch\"age and J\"org Schwenk},
    title = {A Standard-Model Security Analysis of {TLS-DHE}},
    howpublished = {Cryptology ePrint Archive, Report 2011/219},
    year = {2011}
}

@inproceedings{DBLP:conf/ccs/MaurerT10,
  author    = {Ueli Maurer and
               Bj{\"o}rn Tackmann},
  title     = {On the soundness of authenticate-then-encrypt: formalizing
               the malleability of symmetric encryption},
  booktitle = {CCS},
  year      = {2010},
  pages     = {505-515}
}

@inproceedings{DBLP:conf/ccs/DegabrieleP10,
  author    = {Jean Paul Degabriele and
               Kenneth G. Paterson},
  title     = {On the (in)security of {IPsec} in MAC-then-encrypt configurations},
  booktitle = {CCS},
  year      = {2010},
  pages     = {493-504}
}

@inproceedings{DBLP:conf/ctrsa/BellareY03,
  author    = {Mihir Bellare and
               Bennet S. Yee},
  title     = {Forward-Security in Private-Key Cryptography},
  booktitle = {CT-RSA},
  year      = {2003},
  LONGpages     = {1-18},
  crossref  = {DBLP:conf/ctrsa/2003},
  bibsource = {DBLP, http://dblp.uni-trier.de}
}

@inproceedings{softwarebug-ctrsa11,
    author = {B.B. Brumley and M. Barbosa and D. Page and F. Vercauteren},
    title = {Practical realisation and elimination of an {ECC}-related software bug attack},
    booktitle = "CT-RSA",
    year = {2011},
}
 
@inproceedings{DBLP:conf/crypto/Nielsen02,
  author    = {Jesper Buus Nielsen},
  title     = {Separating Random Oracle Proofs from Complexity Theoretic
               Proofs: The Non-committing Encryption Case},
  booktitle = {CRYPTO 2002},
  year      = {2002},
  pages     = {111-126}
}

@misc{LangleyBrowserFallback,
 author = {Adam Langley},
 title = {Unfortunate current practices for {HTTP} over {TLS}},
 year = 2011,
 note = {\url{http://www.ietf.org/mail-archive/web/tls/current/msg07281.html}}
}

@inproceedings{DBLP:conf/csfw/KustersTG12,
  author    = {Ralf K{\"u}sters and
               Tomasz Truderung and
               Juergen Graf},
  title     = {A Framework for the Cryptographic Verification of Java-Like
               Programs},
  booktitle = {CSF},
  year      = {2012},
  pages     = {198-212},
}

@article{DBLP:journals/iacr/KustersTG12,
  author    = {Ralf K{\"u}sters and
               Tomasz Truderung and
               Juergen Graf},
  title     = {A Framework for the Cryptographic Verification of Java-like
               Programs},
  journal   = {IACR Cryptology ePrint Archive},
  volume    = {2012},
  year      = {2012},
  pages     = {153}
}
@article{BBFGM11,
  author    = {Jesper Bengtson and
               Karthikeyan Bhargavan and
               C{\'e}dric Fournet and
               Andrew D. Gordon and
               Sergio Maffeis},
  title     = {Refinement types for secure implementations},
  journal   = {ACM TOPLAS},
  volume    = {33},
  number    = {2},
  year      = {2011},
  pages     = {8}
}

@article{BhargavanFCZ12,
 author = {Bhargavan, Karthikeyan and Fournet, C{\'e}dric and Corin, Ricardo and Z\u{a}linescu, Eugen},
 title = {{Verified Cryptographic Implementations for TLS}},
 journal = {ACM TISSEC},
 volume = {15},
 number = {1},
 year = {2012},
 pages = {1--32}
} 

@article {AvallePPS11,
	title = {{JavaSPI}: A Framework for Security Protocol Implementation},
	journal = {International Journal of Secure Software Engineering},
	volume = {2},
	year = {2011},
	pages = {34{\textendash}48},
	author = {Matteo Avalle and Alfredo Pironti and Davide Pozza and Riccardo Sisto}
}

@inproceedings{Lawall10,
 author = {Lawall, Julia and Laurie, Ben and Hansen, Ren{\'e} Rydhof and Palix, Nicolas and Muller, Gilles},
 title = {Finding Error Handling Bugs in {OpenSSL} Using {Coccinelle}},
 booktitle = {European Dependable Computing Conference},
 year = 2010,
} 

@misc{mitls,
  title = {Implementing {TLS} with Verified~Cryptographic~Security:
  source code, technical report, and details at \verb"http://msr-inria.inria.fr/projects/sec/tls"},
  year = 2012}

@inproceedings{DBLP:conf/icfp/SwamyCFSBY11,
  author    = {Nikhil Swamy and
               Juan Chen and
               C{\'e}dric Fournet and
               Pierre-Yves Strub and
               Karthikeyan Bhargavan and
               Jean Yang},
  title     = {Secure distributed programming with value-dependent types},
  booktitle = {ICFP},
  year      = {2011},
  pages     = {266-278},
}

@inproceedings{Backes:2011:UIT:2188448.2188449,
 author = {Backes, Michael and Hri\c{t}cu, C\u{a}t\u{a}lin and Maffei, Matteo},
 title = {Union and intersection types for secure protocol implementations},
 booktitle = {TOSCA'11},
 year = {2012},
 pages = {1--28},
} 

@inproceedings{peekaboo,
  author    = {Kevin P. Dyer and
               Scott E. Coull and
               Thomas Ristenpart and
               Thomas Shrimpton},
  title     = {Peek-a-Boo, {I} Still See You: Why Efficient Traffic Analysis
               Countermeasures Fail},
	booktitle={IEEE Symposium on Security and Privacy}, 
  year      = {2012},
  pages     = {332-346}
}

@inproceedings{crime,
  title={The {CRIME} Attack},
  author={Duong, Thai and Rizzo, Juliano},
  booktitle={Ekoparty},
  year={2012}
}

@INPROCEEDINGS{BhaFouKohPirStr13,
  author = {Karthikeyan Bhargavan and C$\acute{\text{e}}$dric Fournet and Markulf
	Kohlweiss and Alfredo Pironti and {Pierre-Yves} Strub},
  title = {Implementing {TLS} with Verified Cryptographic Security},
	booktitle={IEEE Symposium on Security and Privacy}, 
  year = {2013},
  pages = {445-469}
}

@article{BhaFouKohPirStr14,
  author = {Karthikeyan Bhargavan and C$\acute{\text{e}}$dric Fournet and Markulf
	Kohlweiss and Alfredo Pironti and {Pierre-Yves} Strub and Santiago Zanella-Beguelin},
  title = {Proving the {TLS} Handshake (as it is)}, 
  note = {Draft available from \url{https://eprint.iacr.org/2014/182}},
  year = {2014}
}

@incollection{framac,
  title={{Frama-C}},
  author={Cuoq, Pascal and Kirchner, Florent and Kosmatov, Nikolai and Prevosto, Virgile and Signoles, Julien and Yakobowski, Boris},
  booktitle={Software Engineering and Formal Methods},
  pages={233--247},
  year={2012},
}

@inproceedings{framac-tut,
year={2013},
isbn={978-3-642-38915-3},
booktitle={Tests and Proofs},
volume={7942},
series={LNCS},
editor={Veanes, Margus and ViganÃ², Luca},
doi={10.1007/978-3-642-38916-0_10},
title={A Lesson on Proof of Programs with Frama-C. Invited Tutorial Paper},
url={http://dx.doi.org/10.1007/978-3-642-38916-0_10},
keywords={deductive verification; Frama-C; ACSL; program specification; teaching},
author={Kosmatov, Nikolai and Prevosto, Virgile and Signoles, Julien},
pages={168-177},
language={English}
}

@InProceedings{RSA:FisLehWag10,
  author =       "Marc Fischlin and
                  Anja Lehmann and
                  Daniel Wagner",
  title =        "Hash Function Combiners in {TLS} and {SSL}",
  pages =        "268--283",
  editor =       rsa10ed,
  booktitle =    rsa10name,
  volume =       rsa10vol,
  month =        rsa10month,
  address =      rsa10addr,
  publisher =    rsapub,
  series =       mylncs,
  year =         2010,
}

@InProceedings{AC:KudPat05,
  author =       "Caroline Kudla and
                  Kenneth G. Paterson",
  title =        "Modular Security Proofs for Key Agreement Protocols",
  pages =        "549--565",
  booktitle =    asiacrypt05name,
  volume =       asiacrypt05vol,
  year =         2005,
  publisher =    asiacryptpub,
  month =        asiacrypt05month,
  address =      asiacrypt05addr,
  editor =       asiacrypt05ed,
  series =       mylncs,
}

@article{CraSho03,
  author =       "Ronald Cramer and
                  Victor Shoup",
  title =        "Design and Analysis of Practical Public-Key Encryption Schemes Secure against Adaptive Chosen Ciphertext Attack",
  year =         2003,
  journal =      siamjc,
  volume =       33,
  number =       1,
  month =        "",
  pages =        "167--226",
}

@string{nistOrg = "Information Technology Laboratory, National Institute of Standards and Technology"}
@string{nistAddress = "Gaithersburg, MD 20899-8900"}

@manual{sp800-108,
   title = "NIST Special Publication 800-108:
            Recommendation for Key Derivation Using Pseudorandom Functions",
   author = "Lily Chen",
   year = 2009
}

@manual{sp800-57,
title = "NIST Special Publication 800-57: Recommendation for Key Management",
author = "Elaine Barker and William Barker and William Burr and William Polk and Miles Smid",
year = 2007
}

@inproceedings{2013-truncation-attacks-to-violate-beliefs,
	author = "Ben Smyth and Alfredo Pironti",
	title = "{Truncating TLS Connections to Violate Beliefs in Web Applications}",
	year = "2013",
	booktitle = "USENIX WOOT",
}

@InProceedings{imc13,
	author = {Zakir Durumeric and James Kasten and Michael Bailey and J. Alex Halderman},
	title = {Analysis of the {HTTPS} Certificate Ecosystem},
	booktitle = {Proceedings of the 13th Internet Measurement Conference},
	month = oct,
	year = 2013
}

@misc{ikedhgroups,
  title={Additional Diffie-Hellman Groups for Use with IETF Standards},
  author={Lepinski, M and Kent, S},
  year={2008},
  howpublished={{IETF RFC 5114}}
}
@misc{ikedhtests,
  title={{Additional Diffie-Hellman Tests
        for the Internet Key Exchange Protocol Version 2 (IKEv2)}},
  author={Sheffer, Y and Fluhrer, S},
  year={2013},
  howpublished={{IETF RFC 6989}}
}

@inproceedings {bleichenbacher-tls,
author = {Christopher Meyer and Juraj Somorovsky and Eugen Weiss and J{\"o}rg Schwenk and Sebastian Schinzel and Erik Tews},
title = {Revisiting {SSL/TLS} Implementations: New Bleichenbacher Side Channels and Attacks},
booktitle = {USENIX Security},
year = 2014,
}

@inproceedings{BhargavanDFPS14,
	Author = {Bhargavan, Karthikeyan and Lavaud, Antoine Delignat and Fournet, C{\'e}dric and Pironti, Alfredo and Strub, Pierre-Yves},
	booktitle={IEEE Symposium on Security and Privacy}, 
	OptPages = {98--113},
	Title = {Triple handshakes and cookie cutters: Breaking and fixing authentication over {TLS}},
	Year = {2014}}

@inproceedings{li2014security,
  title={On the Security of the Pre-shared Key Ciphersuites of {TLS}},
  author={Li, Yong and Sch{\"a}ge, Sven and Yang, Zheng and Kohlar, Florian and Schwenk, J{\"o}rg},
  booktitle={Public-Key Cryptography},
  year={2014},
}

@InProceedings{HandshakeCrypto14,
    author = {Karthikeyan Bhargavan and C\'{e}dric Fournet and Markulf Kohlweiss and Alfredo Pironti and Pierre-Yves Strub and Santiago Zanella-B\'{e}guelin},
    title = {Proving the {TLS} Handshake Secure (as it is)},
    booktitle = {CRYPTO},
    year = {2014},
}

@inproceedings{rsa-factor,
year={2000},
booktitle={EUROCRYPT},
title={Factorization of a 512-Bit RSA Modulus},
author={Cavallar, Stefania and Dodson, Bruce and Lenstra, ArjenK. and Lioen, Walter and Montgomery, PeterL. and Murphy, Brian and te Riele, Herman and Aardal, Karen and Gilchrist, Jeff and Guillerm, GÃ©rard and Leyland, Paul and Marchand, JÃ¶el and Morain, FranÃ§ois and Muffett, Alec and Putnam, ChrisandCraig and Zimmermann, Paul},
}

@inproceedings{JagerPS13,
  author    = {Tibor Jager and
               Kenneth G. Paterson and
               Juraj Somorovsky},
  title     = {One Bad Apple: Backwards Compatibility Attacks on State-of-the-Art
               Cryptography},
  booktitle = {NDSS},
  year      = {2013},
}

@inproceedings{rsa768,
  title = {Factorization of a 768-bit {RSA} modulus},
  author = {Kleinjung, Thorsten and Aoki, Kazumaro and Franke, Jens and Lenstra, Arjen K and Thom{\'e}, Emmanuel and Bos, Joppe W and Gaudry, Pierrick and Kruppa, Alexander and Montgomery, Peter L and Osvik, Dag Arne and Herman te Riele and Andrey Timofeev and Paul Zimmermann},
  booktitle = {Crypto},
  year = {2010},
Xseries = {LNCS},
Xvolume = {6223},
Xbooktitle = {Advances in Cryptology--CRYPTO'10},
Xpages = {333--350},
}

@inproceedings{batchnfs,
  title = {Batch {NFS}},
  author = {Bernstein, Daniel J and Lange, Tanja},
  booktitle = {Selected Areas in Cryptography},
  year = {2014},
}

@misc{KleinjungStrat,
  title = {Cofactorisation strategies for the number field sieve and an estimate for the sieving step for factoring 1024 bit integers},
  author = {Kleinjung, Thorsten},
  year = {2006},
  note = {\url{http://www.hyperelliptic.org/tanja/SHARCS/talks06/thorsten.pdf}}
}

@phdthesis{BarbulescuPhD,
  title = {Algorithmes de logarithmes discrets dans les corps finis},
  author = {Barbulescu, Razvan},
  year = {2013},
  school = {Universit{\'e} de Lorraine, France}
}

@article{Coppersmith94,
  author        = {D. Coppersmith},
  title         = {Solving linear equations over $\mathrm{GF}(2)$ via
                  block {Wiedemann} algorithm},
  journal       = {Math. Comp.},
  year          = 1994,
  volume        = 62,
  number        = 205,
Xmonth         = jan,
Xpages         = {333--350}
}

@article{Thome02b,
  author        = {E. Thom\'e},
  title         = {Subquadratic computation of vector generating
                   polynomials and  improvement of the block {Wiedemann}
                   algorithm},
  journal       = {J. Symbolic Comput.},
  volume        = 33,
  number        = 5,
  pages         = {757--775},
  year          = 2002,
}

@article{Schirokauer93,
  author        = {O. Schirokauer},
  title         = {Discrete logarithms and local units},
  journal       = {Philos. Trans. Roy. Soc. London Ser. A},
  year          = 1993,
  volume        = 345,
  number        = 1676,
  pages         = {409--423}
}

@article{Semaev02,
  author        = {I. A. Semaev},
  title         = {Special prime numbers and discrete logs in finite
                  prime fields},
  journal       = {Math. Comp.},
  year          = 2002,
  volume        = 71,
  number        = 237,
  pages         = {363--377}
}

@inproceedings{GeSt07,
  author = {Geiselmann, Willi and Steinwandt, Rainer},
  title = {Non-wafer-Scale Sieving Hardware for the {NFS}: Another Attempt to Cope with 1024-Bit},
  booktitle = {Eurocrypt},
  year   = {2007},
Xpages = {466--481},
Xseries = {LNCS},
Xvolume = {4515},
}

@misc{cado-nfs-2.1.1,
  author={Bai, Shi and 
          Bouvier, Cyril and
          Filbois, Alain and
          Gaudry, Pierrick and
          Imbert, Laurent and
          Kruppa, Alexander and
          Morain, François and
          Thom\'e, Emmanuel and
          Zimmermann, Paul},
  title={{\upshape\texttt{cado-nfs}}, An Implementation of the Number Field Sieve Algorithm},
  note={Release {2.1.1}},
  year={2014},
  note={\url{http://cado-nfs.gforge.inria.fr/}},
}

@misc{cado-nfs-2.3,
    author={{The CADO-NFS Development Team}},
    title={{CADO-NFS}, An Implementation of the Number Field Sieve Algorithm},
    note={Release 2.3.0},
    year={2017},
    howpublished={\url{http://cado-nfs.gforge.inria.fr/}},
}

@misc{media-35509,
    key = {zzz innov8},
	title = {Innov8 Experiment Profile},
    howpublished = {Media leak},
	note = {\url{http://www.spiegel.de/media/media-35509.pdf}}
}

@misc{media-35510,
	title = {{TLS} Trends : A roundtable discussion on current usage and future directions},
	author = {{Communications Security Establishment Canada (CSEC)}},
	howpublished = {\url{http://www.spiegel.de/media/media-35510.pdf}}
}

@misc{media-35511,
	title = {Secure  Sockets Layer ({SSL})/Transport Layer Security ({TLS})},
	howpublished = {\url{http://www.spiegel.de/media/media-35511.pdf}}
}

@misc{media-35512,
	title = {{TLS trends at GCHQ}},
	howpublished = {\url{http://www.spiegel.de/media/media-35512.pdf}}
}

@misc{media-35513,
    key = {zzz turmoil apex apex},
	title = {{TURMOIL/APEX/APEX} High Level Description Document},
    howpublished = {Media leak},
	note = {\url{http://www.spiegel.de/media/media-35513.pdf}}
}

@misc{media-35514,
    key = {zzz gallantwave},
    howpublished = {Media leak},
	title = {{GALLANTWAVE}@scale},
	note = {\url{http://www.spiegel.de/media/media-35514.pdf}}
}

@misc{media-35515,
    key = {zzz intro to the vpn},
	title = {Intro to the {VPN} Exploitation Process},
	year = 2010,
	month = sep,
    howpublished = {Media leak},
	note = {\url{http://www.spiegel.de/media/media-35515.pdf}}
}

@misc{media-35516,
	title = {Analytic Challenges from Active-Passive Integration},
	author = {NSA -- S324},
	howpublished = {\url{http://www.spiegel.de/media/media-35516.pdf}}
}

@misc{media-35517,
    key = {zzz valiantsurf vs},
	title = {{VALIANTSURF (VS)}: Capability Levels},
    howpublished = {Media leak},
	note = {\url{http://www.spiegel.de/media/media-35517.pdf}}
}

@misc{media-35518,
    key = {zzz vs malibu ike},
	title = {{VS MALIBU IKE} and {ESP} Metadata Flows},
    howpublished = {Media leak},
	note = {\url{http://www.spiegel.de/media/media-35518.pdf}}
}

@misc{media-35519,
    key = {zzz poisonnut},
	title = {{POISONNUT} -- {WikiInfo}},
    howpublished = {Media leak},
	note = {\url{http://www.spiegel.de/media/media-35519.pdf}}
}

@misc{media-35520,
    key = {zzz vpn sigdev},
	title = {{VPN} {S}ig{D}ev Basics},
       howpublished = {Media leak},
	note = {\url{http://www.spiegel.de/media/media-35520.pdf}}
}

@misc{media-35522,
    key = {zzz spin 15 vpn},
	title = {{SPIN 15} {VPN} Story},
    howpublished = {Media leak},
	note = {\url{http://www.spiegel.de/media/media-35522.pdf}}
}

@misc{media-35523,
	title = {Virtual Private Network Transform Engine Emulator},
	howpublished = {\url{http://www.spiegel.de/media/media-35523.pdf}}
}

@misc{media-35524,
	title = {Template : POISONNUT Product},
	howpublished = {\url{http://www.spiegel.de/media/media-35524.pdf}}
}

@misc{media-35525,
    key = {zzz turmoil gallantwave},
	title = {{TURMOIL GALLANTWAVE} -- {WikiInfo}},
    howpublished = {Media leak},
	note = {\url{http://www.spiegel.de/media/media-35525.pdf}}
}

@misc{media-35526,
    key = {zzz turmoil vpn},	
    title = {{TURMOIL} {VPN} Processing},
    howpublished = {Media leak},
	year = 2009,
	month = oct,
	note = {\url{http://www.spiegel.de/media/media-35526.pdf}}
}

@misc{media-35527,
    key = {zzz valiantsurf wiki},
	title = {{VALIANTSURF} -- {WikiInfo}},
    howpublished = {Media leak},
	note = {\url{http://www.spiegel.de/media/media-35527.pdf}}
}

@misc{media-35528,
    key = {zzz turmoil ipsec},
	title = {{TURMOIL} {IP}sec {VPN} sessionization},
	year = 2009,
	month = aug,
    howpublished = {Media leak},
	note = {\url{http://www.spiegel.de/media/media-35528.pdf}}
}

@misc{media-35529,
    key = {zzz fielded capability},
	title = {Fielded Capability: End-to-End {VPN} {SPIN 9} Design Review},
    howpublished = {Media leak},
	note = {\url{http://www.spiegel.de/media/media-35529.pdf}}
}

@misc{media-35531,
	title = {BULLRUN CoI - Briefing Sheet},
	howpublished = {\url{http://www.spiegel.de/media/media-35531.pdf}}
}

@misc{media-35533,
    key = {zzz longhaul wiki},
	title = {{LONGHAUL} -- {WikiInfo}},
    howpublished = {Media leak},
	note = {\url{http://www.spiegel.de/media/media-35533.pdf}}
}

@misc{media-35536,
	title = {SCARLETFEVER},
	howpublished = {\url{http://www.spiegel.de/media/media-35536.pdf}}
}

@misc{media-35551,
    key = {zzz what you},
	title = {What Your Mother Never Told You about {SIGDEV} Analysis},
    howpublished = {Media leak},
	note = {\url{http://www.spiegel.de/media/media-35551.pdf}}
}

@misc{media-35669,
	title = {Stealthy Techniques Can Crack Some of SIGINT's Hardest Targets},
	howpublished = {\url{http://www.spiegel.de/media/media-35669.pdf}}
}

@misc{media-35671,
    key = {zzz apex active passive},
	title = {{APEX} Active/Passive Exfiltration},
    howpublished = {Media leak},
	year = 2009,
	month = aug,
	note = {\url{http://www.spiegel.de/media/media-35671.pdf}}
}

@misc{blackBudget:full,
    key = {zzz fy 2013},
	title = {{FY 2013} Congressional Budget Justification},
    howpublished = {Media leak},
	note = {\url{http://cryptome.org/2013/08/spy-budget-fy13.pdf}}
}

@misc{budget:bribingCompanies,
	title = {Secret Documents Reveal N.S.A Campaign Against Encryption},
	howpublished = {\url{http://www.nytimes.com/interactive/2013/09/05/us/documents-reveal-nsa-campaign-against-encryption.html?_r=0}}
}

@misc{strategicPlan2007,    
	title = {SIGINT Mission Strategic Plan FY2008 - 2013},
	howpublished = {\url{https://www.eff.org/files/2013/11/15/20131104-nyt-sigint_strategic_plan.pdf}}
}

@misc{strategicPlan2012,
    key = {zzz sigint strategy},
	title = {{SIGINT} Strategy},
    howpublished = {Media leak},
	note = {\url{http://www.nytimes.com/interactive/2013/11/23/us/politics/23nsa-sigint-strategy-document.html}}
}

@misc{wiredBreakthrough,
	title = {The NSA is building the country's biggest spy center (watch what you say)},
	author = {James Bamford},
	year = 2012,
	month = mar,
	howpublished = {\url{http://www.wired.com/2012/03/ff_nsadatacenter/}}
}

@misc{bullrunClassificationGuide,
	title = {Project Bullrun - classification guide to the NSA's decryption program},
	howpublished = {\url{http://www.theguardian.com/world/interactive/2013/sep/05/nsa-project-bullrun-classification-guide}}
}

@misc{cryptoEnabling,
	title = {Sigint - how the NSA collaborates with technology companies},
	howpublished = {\url{http://www.theguardian.com/world/interactive/2013/sep/05/sigint-nsa-collaborates-technology-companies}}
}

@misc{rsa10mil,
	title = {Exclusive : Secret contract tied NSA and security industry pioneer},
	author = {Joseph Menn},
	howpublished = {\url{http://www.reuters.com/article/2013/12/20/us-usa-security-rsa-idUSBRE9BJ1C220131220}}
}

@misc{rsa10milResponse,
	title = {RSA Response to Media Claims Regarding NSA Relationship},
	howpublished = {\url{https://blogs.rsa.com/rsa-response/}}
}

@misc{ciscoDefaults,
	title = {Site-to-Site and Extranet VPN Business Scenarios},
	howpublished = {\url{http://www.cisco.com/c/en/us/td/docs/security/vpn_modules/6342/vpn_cg/6342site3.html}}
}

@misc{juniperSettings,
	title = {proposal-set (Security IKE)},
	howpublished = {\url{https://www.juniper.net/documentation/en_US/junos12.1/topics/reference/configuration-statement/security-edit-proposal-set-ike.html}}
}

@misc{sigintEnabling,
    key = {zzz computer network},
	title = {Computer Network Operations: {SIGINT} Enabling},
    howpublished = {Media leak},
	note = {\url{https://www.propublica.org/documents/item/784285-sigint-enabling-project.html}}
}

@misc{ikeCrack,
	title = {IKECrack},
	author = {Anton Rager},
	howpublished = {\url{http://ikecrack.sourceforge.net/}}
}

@misc{cavium,
	title = {Cavium - Products - Intelligent Network Adapters},
	howpublished = {\url{http://www.cavium.com/Intelligent_Network_Adapters_NIC4E.html}}
}

@inproceedings{ZMap,
  title={{ZMap}: Fast {I}nternet-wide Scanning and Its Security Applications.},
  author={Durumeric, Zakir and Wustrow, Eric and Halderman, J Alex},
  booktitle={Usenix Security},
  year={2013}
}
%pages={605--620},



@misc{rfc4109,
  author="P. Hoffman",
  title="{Algorithms for Internet Key Exchange version 1 (IKEv1)}",
  series="Request for Comments",
  number="4109",
  howpublished="RFC 4109",
  publisher="IETF",
  organization="Internet Engineering Task Force",
  year=2005,
  month=may,
  url="http://www.ietf.org/rfc/rfc4109.txt",
}

@misc{rfc4306,
  author="C. Kaufman",
  title="Internet Key Exchange ({IKEv2}) Protocol",
  series="Request for Comments",
  number="4306",
  howpublished="RFC~4306",
  publisher="IETF",
  organization="Internet Engineering Task Force",
  year=2005,
  month=dec,
  __note="Obsoleted by RFC 5996, updated by RFC 5282",
  url="http://www.ietf.org/rfc/rfc4306.txt",
}

@misc{rfc5996,
  author="C. Kaufman and P. Hoffman and Y. Nir and P. Eronen",
  title="{Internet Key Exchange Protocol Version 2 (IKEv2)}",
  series="Request for Comments",
  number="5996",
  howpublished="RFC~5996",
  publisher="IETF",
  organization="Internet Engineering Task Force",
  year=2010,
  month=sep,
  __note="Obsoleted by RFC 7296, updated by RFCs 5998, 6989",
  url="http://www.ietf.org/rfc/rfc5996.txt",
}

@misc{rfc7296,
  author="C. Kaufman and P. Hoffman and Y. Nir and P. Eronen and T. Kivinen",
  title={{I}nternet key exchange protocol version 2 ({IKEv2})},
  howpublished="RFC~7296",
  publisher="IETF",
  organization="Internet Engineering Task Force",
  year=2014,
  month=oct,
}

@misc{rfc4303,
  author="S. Kent",
  title="{IP} Encapsulating Security Payload ({ESP})",
  series="Request for Comments",
  number="4303",
  howpublished="RFC~4303",
  publisher="IETF",
  organization="Internet Engineering Task Force",
  year=2005,
  month=dec,
    url="http://www.ietf.org/rfc/rfc4303.txt"
}

@misc{rfc4302,
  author="S. Kent",
  title="{IP} Authentication Header",
  series="Request for Comments",
  number="4302",
  howpublished="RFC 4302",
  publisher="IETF",
  organization="Internet Engineering Task Force",
  year=2005,
  month=dec,
    url="http://www.ietf.org/rfc/rfc4302.txt"
}

@misc{rfc2409,
  author={D. Harkins and D. Carrel},
 title={The {I}nternet Key Exchange ({IKE})},
  howpublished="RFC~2409",
  year=1998,
  month=nov,
}

@misc{draft-ietf-tls-negotiated-ff-dhe,
  author = {Daniel Gillmor},
  title = {Negotiated Finite Field {D}iffie-{H}ellman Ephemeral Parameters for {TLS}},
  howpublished = {IETF Internet Draft},
  year = {2015},
  month = may,
}
%publisher = {IETF},
%organization = {Internet Engineering Task Force},
%note  = {\url{https://tools.ietf.org/id/draft-ietf-tls-negotiated-ff-dhe-08.txt}}

@misc{31C3DerSpiegel,
	author =       {{Spiegel Staff}},
	title =        {Prying Eyes: Inside the {NSA}'s War on {I}nternet Security},
	howpublished = {Der Spiegel},
	month =        {Dec},
	year =         {2014},
	note = {\url{http://www.spiegel.de/international/germany/inside-the-nsa-s-war-on-internet-security-a-1010361.html}}
}

@inproceedings{JagerKSS12,
  author    = {Tibor Jager and
               Florian Kohlar and
               Sven Sch{\"a}ge and
               J{\"o}rg Schwenk},
  title     = "On the Security of {TLS-DHE} in the Standard Model",
  booktitle = crypto12name,
  LONGseries    = {LNCS},
  LONGvolume    = {7417},
  LONGpages     = {273-293},
  year      = {2012}
}

@inproceedings{KrawczykPW13,
  author    = {Hugo Krawczyk and
               Kenneth G. Paterson and
               Hoeteck Wee},
  title     = {On the Security of the {TLS} Protocol: A Systematic Analysis},
  booktitle = {Advances in Cryptology--CRYPTO'13},
  LONGpages     = {429-448},
  LONGseries    = {LNCS},
  LONGvolume    = {8042},
  year      = {2013}
}

@inproceedings{LimLee:97,
  title = {A Key Recovery Attack on Discrete Log-based Schemes Using a Prime Order Subgroup},
  author = {Chae Hoon Lim and Pil Joong Lee},
  booktitle = {Advances in Cryptology--CRYPTO'97},
  series = {LNCS},
  volume = {1294},
  pages = {249--263},
  year = {1997},
}

@misc{rfc4253,
  author="T. Ylonen and C. Lonvick",
  title="The Secure Shell ({SSH}) Transport Layer Protocol",
  series="Request for Comments",
  number="4253",
  howpublished="RFC~4253",
  publisher="IETF",
  organization="Internet Engineering Task Force",
  year=2006,
  month=jan,
}

@misc{rfc4419,
  author="M. Friedl and N. Provos and W. Simpson",
  title="{D}iffie-{H}ellman Group Exchange for the Secure Shell ({SSH}) Transport Layer Protocol",
  series="Request for Comments",
  howpublished="RFC~4419",
  year=2006,
  month=mar,
}

@misc{stud,
  key = {stud},
  title = {{stud}: The Scalable {TLS} Unwrapping Daemon},
  year = 2012,
  note = {\url{https://github.com/bumptech/stud/blob/19a7f19686bcdbd689c6fbea31f68a276e62d886/stud.c#L593}}
}

@misc{f5-ssl-options,
  title = {{SSL} Profiles Part 5: {SSL} Options},
  author = {John Wagnon},
  year = 2013,
  note = {\url{https://devcentral.f5.com/articles/ssl-profiles-part-5-ssl-options}}
}

@misc{titan,
  title = {Introducing {T}itan},
  author = {{Oak Ridge National Laboratory}},
  note = {\url{https://www.olcf.ornl.gov/titan}},
  year = {2012}
}

@misc{jaguar,
  title = {{Oak Ridge 'Jaguar' Supercomputer is World's Fastest}},
  author = {Department of Energy},
  url = {http://energy.gov/articles/oak-ridge-jaguar-supercomputer-worlds-fastest},
  year = {2009}
}

@techreport{jefferiesReport,
  title = {Semiconductors: Moore Stress = Structural Industry Shift},
  author = {Mark Lipacis},
  institution = {Jefferies},
  year = 2012,
}
@inproceedings{geiselmann2005improved,
  title={Improved Routing-Based Linear Algebra for the Number Field Sieve},
  author={Geiselmann, Willi and Kopfer, Hubert and Steinwandt, Rainer and Tromer, Eran},
  booktitle={Information Technology: Coding and Computing},
  year=2005,
}
%volume={1},
%pages={636--641},
%organization={IEEE}

@misc{dropbear,
  title = {Dropbear {SSH}},
  author = {Matt Johnston},
  year = 2015,
  month = jan,
  note = {\url{https://matt.ucc.asn.au/dropbear/dropbear.html}}
}

@misc{dropbear-kex-bug,
  title = {{Dropbear/common-kex.c}},
  author = {Matt Johnston},
  year = 2005,
  note={\url{https://github.com/mkj/dropbear/blob/b8e28df43a1d37b5a50b34db357daea98c42a89c/common-kex.c#L400}}
}

@misc{CVE-2015-1716,
  title = {{CVE}-2015-1716},
  note = {\url{http://cve.mitre.org/cgi-bin/cvename.cgi?name=CVE-2015-1716}},
  year = {2015},
}

@misc{MS15-055,
  author = {{Microsoft Security Bulletin MS15-055}},
  title = {Vulnerability in {Schannel} Could Allow Information Disclosure},
  month = may,
  year = 2015,
  xnote = {\url{https://technet.microsoft.com/en-us/library/security/ms15-055.aspx}}
}

@article{HuangBonehJackson:2014, 
  author  = {Lin-Shung Huang and Adhikarla, S. and Boneh, D. and Jackson, C.}, 
  journal = {Internet Computing}, 
  title   = {An Experimental Study of {TLS} Forward Secrecy Deployments}, 
  year    = {2014},
  month   = {Nov}, 
  volume  = {18}, 
  number  = {6}, 
  pages   = {43--51},  
  doi     = {10.1109/MIC.2014.86}
}

@misc{dovecot-release-notes,
  title = {Dovecot 2.0 Release Notes},
  year = 2012,
  note = {\url{http://dovecot.org/doc/NEWS-2.0}}
}

@inproceedings{Commeine:2006,
  title     = {An Algorithm to Solve the Discrete Logarithm Problem with the Number Field Sieve},
  author    = {Commeine, An and Semaev, Igor},
  booktitle = {PKC},
  _pages    = {174--190},
  year      = {2006},
  _publisher = {Springer}
}

@manual{sage,
  Key          = {Sage},
  Author       = {W.\thinspace{}A. Stein and others},
  Organization = {The Sage Development Team},
  Title        = {{S}age {M}athematics {S}oftware ({V}ersion 6.5)},
  note         = {\url{http://www.sagemath.org}},
  Year         = {2015},
}

@inproceedings{Kleinjung2017,
    title= {Computation of a 768-Bit Prime Field Discrete Logarithm},
    author= {Kleinjung, Thorsten and Diem, Claus and Lenstra, Arjen K.  and Priplata, Christine and Stahlke, Colin},
    booktitle = {EUROCRYPT},
    year      = {2017},
}

@inproceedings{EC:FGHT17,
 title = {A Kilobit Hidden SNFS Discrete Logarithm Computation},
 author = {Joshua Fried and Pierrick Gaudry and Nadia Heninger and Emmanuel Thom\'e},
 booktitle = {EUROCRYPT (1)},
 pages = {202--231},
 doi = {10.1007/978-3-319-56620-7_8},
 publisher = {Springer},
 year = {2017}
}

@misc{nsa-suiteb,
author={National Cryptographic Solutions Management Office},
title={Cryptography Today},
month={August},
year={2015},
note={\url{https://web.archive.org/web/20150905185709/https://www.nsa.gov/ia/programs/suiteb_cryptography/}}
}
